<?xml version="1.0" encoding="UTF-8"?>
<!DOCTYPE html PUBLIC "-//W3C//DTD XHTML 1.0 Transitional//EN"
    "http://www.w3.org/TR/xhtml1/DTD/xhtml1-transitional.dtd">
<html xmlns="http://www.w3.org/1999/xhtml" xml:lang="en" lang="en">
 <head>
  <title>
</title>
<meta http-equiv="Content-Type" content="text/html;charset=utf-8" />
  <meta name='ocr-system' content='tesseract 3.04.00' />
  <meta name='ocr-capabilities' content='ocr_page ocr_carea ocr_par ocr_line ocrx_word'/>
</head>
<body>
  <div class='ocr_page' id='page_1' title='image "./4626794_0012.png"; bbox 0 0 2020 2823; ppageno 0'>
   <div class='ocr_carea' id='block_1_1' title="bbox 1008 153 1033 190">
    <p class='ocr_par' dir='ltr' id='par_1_1' title="bbox 1008 153 1033 190">
     <span class='ocr_line' id='line_1_1' title="bbox 1008 153 1033 190; baseline 0 0"><span class='ocrx_word' id='word_1_1' title='bbox 1008 153 1033 190; x_wconf 83' lang='lat'>5</span> 
     </span>
    </p>
   </div>
   <div class='ocr_carea' id='block_1_2' title="bbox 405 256 1637 1202">
    <p class='ocr_par' dir='ltr' id='par_1_2' title="bbox 405 256 1637 1202">
     <span class='ocr_line' id='line_1_2' title="bbox 405 256 1633 293; baseline -0.007 0"><span class='ocrx_word' id='word_1_2' title='bbox 405 263 502 293; x_wconf 89' lang='lat' dir='ltr'><strong>Annis</strong></span> <span class='ocrx_word' id='word_1_3' title='bbox 523 263 564 293; x_wconf 83' lang='lat'><strong>36</strong></span> <span class='ocrx_word' id='word_1_4' title='bbox 567 280 1452 292; x_wconf 88' lang='grc'><strong>..................</strong></span> <span class='ocrx_word' id='word_1_5' title='bbox 1563 256 1633 285; x_wconf 65' lang='grc'><strong>900.</strong></span> 
     </span>
     <span class='ocr_line' id='line_1_3' title="bbox 450 320 1635 367; baseline -0.008 -10"><span class='ocrx_word' id='word_1_6' title='bbox 450 350 464 367; x_wconf 87' lang='lat'>„</span> <span class='ocrx_word' id='word_1_7' title='bbox 523 326 563 356; x_wconf 86' lang='lat'><strong>48</strong></span> <span class='ocrx_word' id='word_1_8' title='bbox 567 343 1451 356; x_wconf 90' lang='grc'><strong>..................</strong></span> <span class='ocrx_word' id='word_1_9' title='bbox 1542 320 1635 349; x_wconf 90' lang='grc'><strong>1600.</strong></span> 
     </span>
     <span class='ocr_line' id='line_1_4' title="bbox 450 383 1635 431; baseline -0.008 -9"><span class='ocrx_word' id='word_1_10' title='bbox 450 415 465 431; x_wconf 86' lang='lat'>„</span> <span class='ocrx_word' id='word_1_11' title='bbox 523 390 565 421; x_wconf 92' lang='grc'><strong>60</strong></span> <span class='ocrx_word' id='word_1_12' title='bbox 567 407 1452 421; x_wconf 91' lang='grc'><strong><em>..................</em></strong></span> <span class='ocrx_word' id='word_1_13' title='bbox 1542 383 1635 413; x_wconf 83' lang='grc'><strong>3200.</strong></span> 
     </span>
     <span class='ocr_line' id='line_1_5' title="bbox 451 447 1637 495; baseline -0.008 -9"><span class='ocrx_word' id='word_1_14' title='bbox 451 479 465 495; x_wconf 88' lang='lat'>„</span> <span class='ocrx_word' id='word_1_15' title='bbox 526 455 565 486; x_wconf 82' lang='lat'><strong>72</strong></span> <span class='ocrx_word' id='word_1_16' title='bbox 568 471 1455 485; x_wconf 90' lang='lat'><strong>..................</strong></span> <span class='ocrx_word' id='word_1_17' title='bbox 1544 447 1637 478; x_wconf 83' lang='lat'>6400.</span> 
     </span>
     <span class='ocr_line' id='line_1_6' title="bbox 450 511 1635 560; baseline -0.008 -10"><span class='ocrx_word' id='word_1_18' title='bbox 450 542 465 560; x_wconf 86' lang='lat'>„</span> <span class='ocrx_word' id='word_1_19' title='bbox 525 519 565 549; x_wconf 83' lang='lat'><strong>84</strong></span> <span class='ocrx_word' id='word_1_20' title='bbox 567 536 1453 550; x_wconf 89' lang='lat'>..................</span> <span class='ocrx_word' id='word_1_21' title='bbox 1523 511 1635 542; x_wconf 87' lang='grc'><strong>12800.</strong></span> 
     </span>
     <span class='ocr_line' id='line_1_7' title="bbox 450 576 1636 624; baseline -0.008 -8"><span class='ocrx_word' id='word_1_22' title='bbox 450 608 465 624; x_wconf 86' lang='grc'><strong>,,</strong></span> <span class='ocrx_word' id='word_1_23' title='bbox 524 584 564 615; x_wconf 82' lang='grc'><strong>96</strong></span> <span class='ocrx_word' id='word_1_24' title='bbox 567 601 1452 615; x_wconf 86' lang='grc'>..................</span> <span class='ocrx_word' id='word_1_25' title='bbox 1520 576 1636 607; x_wconf 81' lang='grc'><strong>25600.</strong></span> 
     </span>
     <span class='ocr_line' id='line_1_8' title="bbox 452 640 1636 689; baseline -0.008 -9"><span class='ocrx_word' id='word_1_26' title='bbox 452 673 466 689; x_wconf 87' lang='lat'>„</span> <span class='ocrx_word' id='word_1_27' title='bbox 505 649 564 679; x_wconf 84' lang='lat'>108</span> <span class='ocrx_word' id='word_1_28' title='bbox 568 669 1084 679; x_wconf 91' lang='grc'><strong>...........</strong></span> <span class='ocrx_word' id='word_1_29' title='bbox 1113 640 1119 649; x_wconf 82' lang='grc'><em>“</em></span> <span class='ocrx_word' id='word_1_30' title='bbox 1130 666 1452 675; x_wconf 91' lang='grc'><strong>.......</strong></span> <span class='ocrx_word' id='word_1_31' title='bbox 1519 641 1636 672; x_wconf 91' lang='grc'><strong>51200.</strong></span> 
     </span>
     <span class='ocr_line' id='line_1_9' title="bbox 451 705 1637 754; baseline -0.008 -9"><span class='ocrx_word' id='word_1_32' title='bbox 451 738 465 754; x_wconf 85' lang='lat'>„</span> <span class='ocrx_word' id='word_1_33' title='bbox 505 714 566 745; x_wconf 86' lang='lat'>120</span> <span class='ocrx_word' id='word_1_34' title='bbox 568 731 1453 744; x_wconf 92' lang='grc'><strong>..................</strong></span> <span class='ocrx_word' id='word_1_35' title='bbox 1502 705 1637 737; x_wconf 86' lang='grc'><strong>102400.</strong></span> 
     </span>
     <span class='ocr_line' id='line_1_10' title="bbox 451 756 1635 819; baseline -0.007 -10"><span class='ocrx_word' id='word_1_36' title='bbox 451 802 465 819; x_wconf 85' lang='grc'><strong>,,</strong></span> <span class='ocrx_word' id='word_1_37' title='bbox 505 778 565 809; x_wconf 76' lang='grc'><strong>132</strong></span> <span class='ocrx_word' id='word_1_38' title='bbox 567 795 1453 809; x_wconf 91' lang='grc'><strong>..................</strong></span> <span class='ocrx_word' id='word_1_39' title='bbox 1499 756 1635 802; x_wconf 85' lang='grc'><strong>204800.</strong></span> 
     </span>
     <span class='ocr_line' id='line_1_11' title="bbox 451 834 1637 883; baseline -0.008 -10"><span class='ocrx_word' id='word_1_40' title='bbox 451 866 466 883; x_wconf 82' lang='grc'><strong>,,</strong></span> <span class='ocrx_word' id='word_1_41' title='bbox 506 842 566 873; x_wconf 86' lang='lat'><strong>144</strong></span> <span class='ocrx_word' id='word_1_42' title='bbox 569 859 1453 872; x_wconf 90' lang='grc'><strong>..................</strong></span> <span class='ocrx_word' id='word_1_43' title='bbox 1498 834 1637 865; x_wconf 82' lang='grc'><strong>409600.</strong></span> 
     </span>
     <span class='ocr_line' id='line_1_12' title="bbox 451 899 1637 947; baseline -0.008 -9"><span class='ocrx_word' id='word_1_44' title='bbox 451 931 465 947; x_wconf 88' lang='lat'>„</span> <span class='ocrx_word' id='word_1_45' title='bbox 505 907 565 937; x_wconf 85' lang='lat'><strong>156</strong></span> <span class='ocrx_word' id='word_1_46' title='bbox 568 924 1453 937; x_wconf 90' lang='grc'><strong>..................</strong></span> <span class='ocrx_word' id='word_1_47' title='bbox 1500 899 1637 930; x_wconf 77' lang='grc'><strong>819200.</strong></span> 
     </span>
     <span class='ocr_line' id='line_1_13' title="bbox 451 964 1635 1011; baseline -0.007 -10"><span class='ocrx_word' id='word_1_48' title='bbox 451 994 465 1011; x_wconf 89' lang='lat'>„</span> <span class='ocrx_word' id='word_1_49' title='bbox 506 971 565 1001; x_wconf 82' lang='lat'><strong>157</strong></span> <span class='ocrx_word' id='word_1_50' title='bbox 569 988 1451 1000; x_wconf 90' lang='grc'>..................</span> <span class='ocrx_word' id='word_1_51' title='bbox 1498 964 1635 994; x_wconf 81' lang='grc'><strong>868852.</strong></span> 
     </span>
     <span class='ocr_line' id='line_1_14' title="bbox 452 1029 1635 1074; baseline -0.007 -9"><span class='ocrx_word' id='word_1_52' title='bbox 452 1058 467 1074; x_wconf 89' lang='lat'>„</span> <span class='ocrx_word' id='word_1_53' title='bbox 507 1036 566 1064; x_wconf 86' lang='grc'><strong>158</strong></span> <span class='ocrx_word' id='word_1_54' title='bbox 569 1052 1452 1064; x_wconf 91' lang='grc'><strong>..................</strong></span> <span class='ocrx_word' id='word_1_55' title='bbox 1498 1029 1635 1058; x_wconf 82' lang='grc'><strong>920453.</strong></span> 
     </span>
     <span class='ocr_line' id='line_1_15' title="bbox 453 1092 1635 1138; baseline -0.006 -10"><span class='ocrx_word' id='word_1_56' title='bbox 453 1122 467 1138; x_wconf 91' lang='lat'>„</span> <span class='ocrx_word' id='word_1_57' title='bbox 507 1099 566 1128; x_wconf 83' lang='lat'><strong>159</strong></span> <span class='ocrx_word' id='word_1_58' title='bbox 569 1116 1451 1128; x_wconf 91' lang='grc'><strong>..................</strong></span> <span class='ocrx_word' id='word_1_59' title='bbox 1496 1092 1635 1122; x_wconf 79' lang='grc'><strong>975680.</strong></span> 
     </span>
     <span class='ocr_line' id='line_1_16' title="bbox 453 1156 1634 1202; baseline -0.007 -10"><span class='ocrx_word' id='word_1_60' title='bbox 453 1185 467 1202; x_wconf 85' lang='grc'><strong>,,</strong></span> <span class='ocrx_word' id='word_1_61' title='bbox 506 1161 568 1191; x_wconf 88' lang='grc'><strong>160</strong></span> <span class='ocrx_word' id='word_1_62' title='bbox 570 1180 1450 1191; x_wconf 90' lang='grc'><strong>..................</strong></span> <span class='ocrx_word' id='word_1_63' title='bbox 1476 1156 1634 1185; x_wconf 82' lang='grc'><strong>1034221.</strong></span> 
     </span>
    </p>
   </div>
   <div class='ocr_carea' id='block_1_3' title="bbox 205 1217 1844 1847">
    <p class='ocr_par' dir='ltr' id='par_1_3' title="bbox 205 1217 1843 1397">
     <span class='ocr_line' id='line_1_17' title="bbox 205 1217 1843 1267; baseline -0.007 -8"><span class='ocrx_word' id='word_1_64' title='bbox 205 1227 274 1265; x_wconf 85' lang='lat' dir='ltr'><strong>Qua</strong></span> <span class='ocrx_word' id='word_1_65' title='bbox 284 1237 404 1259; x_wconf 85' lang='lat' dir='ltr'><strong>summa</strong></span> <span class='ocrx_word' id='word_1_66' title='bbox 418 1225 597 1267; x_wconf 85' lang='lat' dir='ltr'><strong>(amphorae</strong></span> <span class='ocrx_word' id='word_1_67' title='bbox 608 1225 763 1266; x_wconf 80' lang='lat' dir='ltr'><strong>praesenti</strong></span> <span class='ocrx_word' id='word_1_68' title='bbox 774 1224 879 1265; x_wconf 80' lang='lat' dir='ltr'><strong>pretio,</strong></span> <span class='ocrx_word' id='word_1_69' title='bbox 895 1223 977 1263; x_wconf 88' lang='lat' dir='ltr'><strong>quod</strong></span> <span class='ocrx_word' id='word_1_70' title='bbox 991 1222 1180 1263; x_wconf 85' lang='lat' dir='ltr'><strong>logarithmis</strong></span> <span class='ocrx_word' id='word_1_71' title='bbox 1192 1221 1402 1253; x_wconf 82' lang='lat' dir='ltr'><strong>constituimus</strong></span> <span class='ocrx_word' id='word_1_72' title='bbox 1416 1220 1570 1259; x_wconf 80' lang='grc'><strong>1119279,</strong></span> <span class='ocrx_word' id='word_1_73' title='bbox 1587 1243 1594 1250; x_wconf 91' lang='grc'><strong>.</strong></span> <span class='ocrx_word' id='word_1_74' title='bbox 1606 1243 1613 1250; x_wconf 93' lang='grc'><strong>.</strong></span> <span class='ocrx_word' id='word_1_75' title='bbox 1627 1217 1647 1258; x_wconf 91' lang='grc'><strong>.)</strong></span> <span class='ocrx_word' id='word_1_76' title='bbox 1686 1218 1843 1249; x_wconf 83' lang='grc'><strong>1034221.</strong></span> 
     </span>
     <span class='ocr_line' id='line_1_18' title="bbox 205 1283 1843 1333; baseline -0.007 -9"><span class='ocrx_word' id='word_1_77' title='bbox 205 1293 307 1324; x_wconf 79' lang='lat' dir='ltr'><strong>diuisa</strong></span> <span class='ocrx_word' id='word_1_78' title='bbox 327 1302 383 1333; x_wconf 84' lang='lat' dir='ltr'><strong>per</strong></span> <span class='ocrx_word' id='word_1_79' title='bbox 397 1292 460 1323; x_wconf 87' lang='grc'><strong>960</strong></span> <span class='ocrx_word' id='word_1_80' title='bbox 481 1289 650 1331; x_wconf 87' lang='lat' dir='ltr'><strong>(unciarum</strong></span> <span class='ocrx_word' id='word_1_81' title='bbox 672 1290 704 1321; x_wconf 97' lang='grc'><strong>111</strong></span> <span class='ocrx_word' id='word_1_82' title='bbox 725 1289 873 1330; x_wconf 82' lang='lat' dir='ltr'><strong>amphora</strong></span> <span class='ocrx_word' id='word_1_83' title='bbox 894 1285 1065 1327; x_wconf 90' lang='lat' dir='ltr'><strong>numerum)</strong></span> <span class='ocrx_word' id='word_1_84' title='bbox 1087 1287 1121 1318; x_wconf 83' lang='lat' dir='ltr'><strong>fit</strong></span> <span class='ocrx_word' id='word_1_85' title='bbox 1142 1296 1285 1317; x_wconf 89' lang='lat' dir='ltr'><strong>numerus</strong></span> <span class='ocrx_word' id='word_1_86' title='bbox 1337 1307 1606 1316; x_wconf 88' lang='grc'><strong>......</strong></span> <span class='ocrx_word' id='word_1_87' title='bbox 1654 1283 1843 1323; x_wconf 82' lang='lat'>1077,3135.</span> 
     </span>
     <span class='ocr_line' id='line_1_19' title="bbox 206 1351 1302 1397; baseline -0.006 -9"><span class='ocrx_word' id='word_1_88' title='bbox 206 1357 287 1397; x_wconf 89' lang='lat' dir='ltr'><strong>quod</strong></span> <span class='ocrx_word' id='word_1_89' title='bbox 309 1359 357 1388; x_wconf 85' lang='lat' dir='ltr'><strong>est</strong></span> <span class='ocrx_word' id='word_1_90' title='bbox 376 1356 508 1397; x_wconf 87' lang='lat' dir='ltr'><strong>pretium</strong></span> <span class='ocrx_word' id='word_1_91' title='bbox 529 1355 638 1386; x_wconf 83' lang='lat' dir='ltr'><strong>unciae</strong></span> <span class='ocrx_word' id='word_1_92' title='bbox 660 1354 833 1386; x_wconf 82' lang='lat' dir='ltr'>sestertium</span> <span class='ocrx_word' id='word_1_93' title='bbox 854 1353 937 1384; x_wconf 90' lang='lat' dir='ltr'><strong>mille</strong></span> <span class='ocrx_word' id='word_1_94' title='bbox 959 1351 1154 1393; x_wconf 80' lang='lat' dir='ltr'><strong>septuaginta</strong></span> <span class='ocrx_word' id='word_1_95' title='bbox 1176 1354 1302 1391; x_wconf 78' lang='lat' dir='ltr'><strong>septem.</strong></span> 
     </span>
    </p>

    <p class='ocr_par' dir='ltr' id='par_1_4' title="bbox 206 1412 1843 1522">
     <span class='ocr_line' id='line_1_20' title="bbox 290 1412 1843 1457; baseline -0.007 -4"><span class='ocrx_word' id='word_1_96' title='bbox 290 1420 398 1453; x_wconf 83' lang='lat' dir='ltr'>Nonne</span> <span class='ocrx_word' id='word_1_97' title='bbox 426 1419 577 1452; x_wconf 83' lang='lat' dir='ltr'><strong>eiusmodi</strong></span> <span class='ocrx_word' id='word_1_98' title='bbox 604 1419 719 1451; x_wconf 83' lang='lat' dir='ltr'><strong>calculo</strong></span> <span class='ocrx_word' id='word_1_99' title='bbox 747 1418 883 1450; x_wconf 85' lang='lat' dir='ltr'><strong>instituto</strong></span> <span class='ocrx_word' id='word_1_100' title='bbox 910 1417 960 1449; x_wconf 89' lang='grc'><strong>1161</strong></span> <span class='ocrx_word' id='word_1_101' title='bbox 986 1416 1086 1457; x_wconf 82' lang='lat' dir='ltr'><strong>magis</strong></span> <span class='ocrx_word' id='word_1_102' title='bbox 1113 1415 1211 1457; x_wconf 89' lang='lat' dir='ltr'><strong>potuit</strong></span> <span class='ocrx_word' id='word_1_103' title='bbox 1233 1414 1349 1445; x_wconf 87' lang='lat' dir='ltr'>Plinius</span> <span class='ocrx_word' id='word_1_104' title='bbox 1378 1413 1521 1453; x_wconf 83' lang='lat' dir='ltr'><strong>scribere,</strong></span> <span class='ocrx_word' id='word_1_105' title='bbox 1550 1413 1611 1443; x_wconf 91' lang='lat' dir='ltr'><strong>iam</strong></span> <span class='ocrx_word' id='word_1_106' title='bbox 1633 1412 1756 1443; x_wconf 85' lang='lat' dir='ltr'><strong>unciam</strong></span> <span class='ocrx_word' id='word_1_107' title='bbox 1778 1412 1843 1443; x_wconf 90' lang='lat' dir='ltr'><strong>uini</strong></span> 
     </span>
     <span class='ocr_line' id='line_1_21' title="bbox 206 1480 1072 1522; baseline -0.008 -5"><span class='ocrx_word' id='word_1_108' title='bbox 206 1485 309 1517; x_wconf 88' lang='lat' dir='ltr'><strong>decies</strong></span> <span class='ocrx_word' id='word_1_109' title='bbox 330 1487 448 1516; x_wconf 82' lang='lat' dir='ltr'><strong>tantum</strong></span> <span class='ocrx_word' id='word_1_110' title='bbox 470 1483 643 1515; x_wconf 75' lang='lat' dir='ltr'><strong>constitisse</strong></span> <span class='ocrx_word' id='word_1_111' title='bbox 665 1492 756 1522; x_wconf 84' lang='lat' dir='ltr'><strong>quam</strong></span> <span class='ocrx_word' id='word_1_112' title='bbox 778 1482 850 1513; x_wconf 90' lang='lat' dir='ltr'><strong>olim</strong></span> <span class='ocrx_word' id='word_1_113' title='bbox 871 1480 1072 1521; x_wconf 79' lang='lat' dir='ltr'><strong>amphoram?</strong></span> 
     </span>
    </p>

    <p class='ocr_par' dir='ltr' id='par_1_5' title="bbox 205 1539 1844 1847">
     <span class='ocr_line' id='line_1_22' title="bbox 291 1539 1843 1587; baseline -0.007 -6"><span class='ocrx_word' id='word_1_114' title='bbox 291 1547 373 1586; x_wconf 86' lang='lat' dir='ltr'>Quid</span> <span class='ocrx_word' id='word_1_115' title='bbox 398 1546 544 1580; x_wconf 82' lang='lat' dir='ltr'><strong>tandem?</strong></span> <span class='ocrx_word' id='word_1_116' title='bbox 571 1544 623 1587; x_wconf 87' lang='lat' dir='ltr'><strong>(ut</strong></span> <span class='ocrx_word' id='word_1_117' title='bbox 647 1556 686 1579; x_wconf 91' lang='grc'><strong>116</strong></span> <span class='ocrx_word' id='word_1_118' title='bbox 707 1545 808 1578; x_wconf 82' lang='grc' dir='ltr'><strong>11ιί11118</strong></span> <span class='ocrx_word' id='word_1_119' title='bbox 829 1544 925 1577; x_wconf 89' lang='lat' dir='ltr'><strong>trihus</strong></span> <span class='ocrx_word' id='word_1_120' title='bbox 947 1543 1054 1576; x_wconf 81' lang='lat' dir='ltr'><strong>calculi</strong></span> <span class='ocrx_word' id='word_1_121' title='bbox 1075 1542 1175 1575; x_wconf 86' lang='lat' dir='ltr'><strong>modis</strong></span> <span class='ocrx_word' id='word_1_122' title='bbox 1197 1539 1336 1582; x_wconf 87' lang='lat' dir='ltr'><strong>utamur)</strong></span> <span class='ocrx_word' id='word_1_123' title='bbox 1359 1541 1386 1573; x_wconf 90' lang='lat' dir='ltr'><strong>si</strong></span> <span class='ocrx_word' id='word_1_124' title='bbox 1407 1540 1523 1572; x_wconf 87' lang='lat' dir='ltr'>Plinius</span> <span class='ocrx_word' id='word_1_125' title='bbox 1545 1539 1723 1581; x_wconf 84' lang='lat' dir='ltr'>rogantibus</span> <span class='ocrx_word' id='word_1_126' title='bbox 1745 1539 1843 1579; x_wconf 83' lang='lat' dir='ltr'><strong>nobis,</strong></span> 
     </span>
     <span class='ocr_line' id='line_1_23' title="bbox 206 1605 1843 1653; baseline -0.006 -8"><span class='ocrx_word' id='word_1_127' title='bbox 206 1623 297 1653; x_wconf 90' lang='lat' dir='ltr'><strong>quem</strong></span> <span class='ocrx_word' id='word_1_128' title='bbox 323 1612 455 1652; x_wconf 86' lang='lat' dir='ltr'><strong>denique</strong></span> <span class='ocrx_word' id='word_1_129' title='bbox 482 1610 605 1643; x_wconf 86' lang='lat' dir='ltr'><strong>modum</strong></span> <span class='ocrx_word' id='word_1_130' title='bbox 630 1620 739 1651; x_wconf 85' lang='lat' dir='ltr'><strong>reapse</strong></span> <span class='ocrx_word' id='word_1_131' title='bbox 760 1609 945 1647; x_wconf 81' lang='lat' dir='ltr'><strong>adhibuerit,</strong></span> <span class='ocrx_word' id='word_1_132' title='bbox 973 1608 1204 1653; x_wconf 19' lang='lat' dir='ltr'><strong>ridensyneget,</strong></span> <span class='ocrx_word' id='word_1_133' title='bbox 1233 1606 1388 1638; x_wconf 88' lang='lat' dir='ltr'><strong>ludentem</strong></span> <span class='ocrx_word' id='word_1_134' title='bbox 1411 1615 1445 1638; x_wconf 91' lang='lat' dir='ltr'><strong>se</strong></span> <span class='ocrx_word' id='word_1_135' title='bbox 1466 1608 1497 1637; x_wconf 87' lang='lat' dir='ltr'><strong>et</strong></span> <span class='ocrx_word' id='word_1_136' title='bbox 1518 1605 1669 1637; x_wconf 87' lang='lat' dir='ltr'><strong>iocantem</strong></span> <span class='ocrx_word' id='word_1_137' title='bbox 1691 1607 1722 1636; x_wconf 88' lang='lat' dir='ltr'><strong>et</strong></span> <span class='ocrx_word' id='word_1_138' title='bbox 1743 1606 1843 1644; x_wconf 76' lang='lat' dir='ltr'><strong>nugas</strong></span> 
     </span>
     <span class='ocr_line' id='line_1_24' title="bbox 205 1668 1844 1718; baseline -0.006 -9"><span class='ocrx_word' id='word_1_139' title='bbox 205 1680 347 1718; x_wconf 82' lang='lat' dir='ltr'><strong>agentem</strong></span> <span class='ocrx_word' id='word_1_140' title='bbox 368 1675 496 1717; x_wconf 87' lang='lat' dir='ltr'><strong>perinde</strong></span> <span class='ocrx_word' id='word_1_141' title='bbox 517 1679 608 1715; x_wconf 85' lang='lat' dir='ltr'><strong>atque</strong></span> <span class='ocrx_word' id='word_1_142' title='bbox 629 1675 662 1705; x_wconf 90' lang='lat' dir='ltr'><strong>in</strong></span> <span class='ocrx_word' id='word_1_143' title='bbox 682 1674 778 1706; x_wconf 86' lang='lat' dir='ltr'><strong>tutela</strong></span> <span class='ocrx_word' id='word_1_144' title='bbox 798 1672 985 1705; x_wconf 86' lang='lat' dir='ltr'><strong>restituenda</strong></span> <span class='ocrx_word' id='word_1_145' title='bbox 1007 1672 1124 1703; x_wconf 86' lang='lat' dir='ltr'><strong>curiose</strong></span> <span class='ocrx_word' id='word_1_146' title='bbox 1145 1671 1278 1702; x_wconf 87' lang='lat' dir='ltr'><strong>rationes</strong></span> <span class='ocrx_word' id='word_1_147' title='bbox 1297 1670 1454 1701; x_wconf 88' lang='lat' dir='ltr'><strong>instituere</strong></span> <span class='ocrx_word' id='word_1_148' title='bbox 1469 1669 1581 1709; x_wconf 82' lang='lat' dir='ltr'><strong>solere3</strong></span> <span class='ocrx_word' id='word_1_149' title='bbox 1606 1668 1682 1700; x_wconf 88' lang='lat' dir='ltr'><strong>satis</strong></span> <span class='ocrx_word' id='word_1_150' title='bbox 1696 1668 1844 1700; x_wconf 84' lang='lat' dir='ltr'><strong>hahuisse</strong></span> 
     </span>
     <span class='ocr_line' id='line_1_25' title="bbox 206 1733 1844 1781; baseline -0.007 -7"><span class='ocrx_word' id='word_1_151' title='bbox 206 1742 338 1774; x_wconf 81' lang='lat' dir='ltr'><strong>fateatur</strong></span> <span class='ocrx_word' id='word_1_152' title='bbox 359 1741 445 1781; x_wconf 83' lang='lat' dir='ltr'><strong>scire,</strong></span> <span class='ocrx_word' id='word_1_153' title='bbox 467 1740 646 1781; x_wconf 81' lang='lat' dir='ltr'><strong>amphoram</strong></span> <span class='ocrx_word' id='word_1_154' title='bbox 667 1739 786 1771; x_wconf 76' lang='lat' dir='ltr'><strong>circiter</strong></span> <span class='ocrx_word' id='word_1_155' title='bbox 806 1738 889 1769; x_wconf 93' lang='lat' dir='ltr'><strong>mille</strong></span> <span class='ocrx_word' id='word_1_156' title='bbox 915 1737 1020 1769; x_wconf 84' lang='lat' dir='ltr'><strong>uncias</strong></span> <span class='ocrx_word' id='word_1_157' title='bbox 1042 1737 1204 1775; x_wconf 90' lang='lat' dir='ltr'><strong>continere,</strong></span> <span class='ocrx_word' id='word_1_158' title='bbox 1227 1736 1299 1767; x_wconf 85' lang='lat' dir='ltr'><strong>item</strong></span> <span class='ocrx_word' id='word_1_159' title='bbox 1322 1734 1488 1774; x_wconf 81' lang='lat' dir='ltr'><strong>quamlibet</strong></span> <span class='ocrx_word' id='word_1_160' title='bbox 1511 1737 1622 1765; x_wconf 84' lang='lat' dir='ltr'><strong>sortem</strong></span> <span class='ocrx_word' id='word_1_161' title='bbox 1645 1734 1696 1764; x_wconf 88' lang='lat' dir='ltr'><strong>illo</strong></span> <span class='ocrx_word' id='word_1_162' title='bbox 1719 1733 1844 1765; x_wconf 88' lang='lat' dir='ltr'><strong>foenore</strong></span> 
     </span>
     <span class='ocr_line' id='line_1_26' title="bbox 207 1798 1763 1847; baseline -0.007 -8"><span class='ocrx_word' id='word_1_163' title='bbox 207 1805 441 1847; x_wconf 81' lang='lat' dir='ltr'><strong>quadragesimo</strong></span> <span class='ocrx_word' id='word_1_164' title='bbox 462 1814 582 1845; x_wconf 91' lang='lat' dir='ltr'><strong>quoque</strong></span> <span class='ocrx_word' id='word_1_165' title='bbox 603 1814 683 1836; x_wconf 88' lang='lat' dir='ltr'><strong>anno</strong></span> <span class='ocrx_word' id='word_1_166' title='bbox 704 1803 832 1844; x_wconf 87' lang='lat' dir='ltr'><strong>decuplo</strong></span> <span class='ocrx_word' id='word_1_167' title='bbox 854 1802 973 1834; x_wconf 77' lang='lat' dir='ltr'><strong>circiter</strong></span> <span class='ocrx_word' id='word_1_168' title='bbox 992 1801 1107 1841; x_wconf 83' lang='lat' dir='ltr'><strong>augeri,</strong></span> <span class='ocrx_word' id='word_1_169' title='bbox 1129 1804 1241 1832; x_wconf 81' lang='lat' dir='ltr'><strong>sortem</strong></span> <span class='ocrx_word' id='word_1_170' title='bbox 1264 1799 1363 1840; x_wconf 84' lang='lat' dir='ltr'><strong>igitur,</strong></span> <span class='ocrx_word' id='word_1_171' title='bbox 1385 1808 1465 1838; x_wconf 86' lang='lat' dir='ltr'><strong>quae</strong></span> <span class='ocrx_word' id='word_1_172' title='bbox 1487 1798 1569 1830; x_wconf 89' lang='lat' dir='ltr'><strong>H-S.</strong></span> <span class='ocrx_word' id='word_1_173' title='bbox 1587 1798 1649 1829; x_wconf 88' lang='lat'>100</span> <span class='ocrx_word' id='word_1_174' title='bbox 1672 1801 1763 1837; x_wconf 85' lang='lat' dir='ltr'><strong>esset,</strong></span> 
     </span>
    </p>
   </div>
   <div class='ocr_carea' id='block_1_4' title="bbox 457 1863 1663 2102">
    <p class='ocr_par' dir='ltr' id='par_1_6' title="bbox 457 1863 1663 2102">
     <span class='ocr_line' id='line_1_27' title="bbox 474 1863 1592 1909; baseline -0.007 -8"><span class='ocrx_word' id='word_1_175' title='bbox 474 1869 525 1901; x_wconf 90' lang='lat'><strong>40.</strong></span> <span class='ocrx_word' id='word_1_176' title='bbox 540 1878 687 1901; x_wconf 90' lang='lat' dir='ltr'><strong>annorum</strong></span> <span class='ocrx_word' id='word_1_177' title='bbox 708 1867 808 1909; x_wconf 87' lang='lat' dir='ltr'><strong>spatio</strong></span> <span class='ocrx_word' id='word_1_178' title='bbox 831 1866 911 1899; x_wconf 88' lang='lat' dir='ltr'><strong>effici</strong></span> <span class='ocrx_word' id='word_1_179' title='bbox 965 1887 1390 1898; x_wconf 91' lang='grc'><strong>.........</strong></span> <span class='ocrx_word' id='word_1_180' title='bbox 1483 1863 1592 1893; x_wconf 76' lang='grc'><strong>1000.</strong></span> 
     </span>
     <span class='ocr_line' id='line_1_28' title="bbox 476 1927 1593 1974; baseline -0.007 -9"><span class='ocrx_word' id='word_1_181' title='bbox 476 1934 526 1965; x_wconf 90' lang='grc'><strong>80.</strong></span> <span class='ocrx_word' id='word_1_182' title='bbox 605 1957 620 1974; x_wconf 90' lang='lat'>„</span> <span class='ocrx_word' id='word_1_183' title='bbox 750 1956 764 1973; x_wconf 89' lang='lat'>„</span> <span class='ocrx_word' id='word_1_184' title='bbox 865 1954 880 1972; x_wconf 91' lang='lat'>„</span> <span class='ocrx_word' id='word_1_185' title='bbox 964 1951 1389 1961; x_wconf 86' lang='grc'><strong>.........</strong></span> <span class='ocrx_word' id='word_1_186' title='bbox 1480 1927 1593 1957; x_wconf 92' lang='grc'><strong>10000.</strong></span> 
     </span>
     <span class='ocr_line' id='line_1_29' title="bbox 457 1991 1593 2037; baseline -0.008 -7"><span class='ocrx_word' id='word_1_187' title='bbox 457 1999 527 2030; x_wconf 84' lang='grc'><strong>120.</strong></span> <span class='ocrx_word' id='word_1_188' title='bbox 606 2021 621 2037; x_wconf 88' lang='lat'>„</span> <span class='ocrx_word' id='word_1_189' title='bbox 750 2020 765 2036; x_wconf 86' lang='lat'>„</span> <span class='ocrx_word' id='word_1_190' title='bbox 866 2019 881 2036; x_wconf 91' lang='lat'>„</span> <span class='ocrx_word' id='word_1_191' title='bbox 965 2015 1389 2025; x_wconf 90' lang='grc'><strong>.........</strong></span> <span class='ocrx_word' id='word_1_192' title='bbox 1459 1991 1593 2022; x_wconf 90' lang='grc'><strong>100000.</strong></span> 
     </span>
     <span class='ocr_line' id='line_1_30' title="bbox 457 2055 1663 2102; baseline -0.008 -8"><span class='ocrx_word' id='word_1_193' title='bbox 457 2062 527 2094; x_wconf 88' lang='grc'><strong>160.</strong></span> <span class='ocrx_word' id='word_1_194' title='bbox 606 2085 621 2102; x_wconf 78' lang='lat'><strong>²⁷</strong></span> <span class='ocrx_word' id='word_1_195' title='bbox 751 2084 766 2101; x_wconf 83' lang='lat'>„</span> <span class='ocrx_word' id='word_1_196' title='bbox 866 2083 881 2100; x_wconf 85' lang='lat'>„</span> <span class='ocrx_word' id='word_1_197' title='bbox 965 2079 1388 2089; x_wconf 85' lang='grc'><strong>.........</strong></span> <span class='ocrx_word' id='word_1_198' title='bbox 1435 2055 1605 2095; x_wconf 86' lang='lat'>1000000.;</span> <span class='ocrx_word' id='word_1_199' title='bbox 1620 2071 1663 2075; x_wconf 93' lang='lat'><strong>-——</strong></span> 
     </span>
    </p>
   </div>
   <div class='ocr_carea' id='block_1_5' title="bbox 207 2118 1847 2428">
    <p class='ocr_par' dir='ltr' id='par_1_7' title="bbox 207 2118 1847 2428">
     <span class='ocr_line' id='line_1_31' title="bbox 208 2118 1845 2168; baseline -0.007 -8"><span class='ocrx_word' id='word_1_200' title='bbox 208 2137 270 2168; x_wconf 87' lang='lat' dir='ltr'><strong>qua</strong></span> <span class='ocrx_word' id='word_1_201' title='bbox 289 2127 407 2159; x_wconf 76' lang='lat' dir='ltr'><strong>ratione</strong></span> <span class='ocrx_word' id='word_1_202' title='bbox 429 2136 498 2158; x_wconf 89' lang='lat' dir='ltr'><strong>cum</strong></span> <span class='ocrx_word' id='word_1_203' title='bbox 520 2136 559 2158; x_wconf 84' lang='lat' dir='ltr'><strong>ex</strong></span> <span class='ocrx_word' id='word_1_204' title='bbox 580 2125 745 2167; x_wconf 81' lang='lat' dir='ltr'><strong>amphorae</strong></span> <span class='ocrx_word' id='word_1_205' title='bbox 764 2123 861 2165; x_wconf 86' lang='lat' dir='ltr'><strong>pretio</strong></span> <span class='ocrx_word' id='word_1_206' title='bbox 875 2122 958 2154; x_wconf 90' lang='lat' dir='ltr'>H-S.</span> <span class='ocrx_word' id='word_1_207' title='bbox 973 2122 1076 2154; x_wconf 88' lang='lat' dir='ltr'><strong>decies</strong></span> <span class='ocrx_word' id='word_1_208' title='bbox 1096 2121 1232 2153; x_wconf 85' lang='lat' dir='ltr'><strong>centenis</strong></span> <span class='ocrx_word' id='word_1_209' title='bbox 1247 2120 1381 2152; x_wconf 88' lang='lat' dir='ltr'><strong>millibus</strong></span> <span class='ocrx_word' id='word_1_210' title='bbox 1399 2119 1574 2151; x_wconf 76' lang='lat' dir='ltr'><strong>conficiatur</strong></span> <span class='ocrx_word' id='word_1_211' title='bbox 1588 2119 1721 2159; x_wconf 85' lang='lat' dir='ltr'><strong>pretium</strong></span> <span class='ocrx_word' id='word_1_212' title='bbox 1735 2118 1845 2150; x_wconf 88' lang='lat' dir='ltr'><strong>unciae</strong></span> 
     </span>
     <span class='ocr_line' id='line_1_32' title="bbox 207 2183 1846 2232; baseline -0.007 -7"><span class='ocrx_word' id='word_1_213' title='bbox 207 2191 291 2225; x_wconf 90' lang='lat' dir='ltr'><strong>H-S.</strong></span> <span class='ocrx_word' id='word_1_214' title='bbox 308 2191 399 2232; x_wconf 89' lang='lat'>1000,</span> <span class='ocrx_word' id='word_1_215' title='bbox 422 2190 481 2224; x_wconf 89' lang='lat' dir='ltr'><strong>sibi</strong></span> <span class='ocrx_word' id='word_1_216' title='bbox 502 2190 603 2223; x_wconf 89' lang='lat' dir='ltr'><strong>uisum</strong></span> <span class='ocrx_word' id='word_1_217' title='bbox 625 2199 694 2223; x_wconf 89' lang='lat' dir='ltr'><strong>esse</strong></span> <span class='ocrx_word' id='word_1_218' title='bbox 717 2188 792 2222; x_wconf 85' lang='lat' dir='ltr'><strong>satis</strong></span> <span class='ocrx_word' id='word_1_219' title='bbox 814 2190 901 2221; x_wconf 83' lang='lat' dir='ltr'><strong>caute</strong></span> <span class='ocrx_word' id='word_1_220' title='bbox 924 2195 1056 2227; x_wconf 90' lang='lat' dir='ltr'><strong>uereque</strong></span> <span class='ocrx_word' id='word_1_221' title='bbox 1077 2185 1169 2218; x_wconf 84' lang='lat' dir='ltr'><strong>scribi</strong></span> <span class='ocrx_word' id='word_1_222' title='bbox 1189 2194 1291 2227; x_wconf 89' lang='lat' dir='ltr'><strong>posse,</strong></span> <span class='ocrx_word' id='word_1_223' title='bbox 1313 2184 1376 2217; x_wconf 81' lang='lat' dir='ltr'><strong>iam</strong></span> <span class='ocrx_word' id='word_1_224' title='bbox 1391 2184 1514 2216; x_wconf 82' lang='lat' dir='ltr'><strong>unciam</strong></span> <span class='ocrx_word' id='word_1_225' title='bbox 1528 2183 1593 2215; x_wconf 88' lang='lat' dir='ltr'><strong>uini</strong></span> <span class='ocrx_word' id='word_1_226' title='bbox 1608 2183 1712 2215; x_wconf 87' lang='lat' dir='ltr'><strong>decies</strong></span> <span class='ocrx_word' id='word_1_227' title='bbox 1727 2186 1846 2215; x_wconf 75' lang='lat' dir='ltr'><strong>tantum</strong></span> 
     </span>
     <span class='ocr_line' id='line_1_33' title="bbox 208 2247 1846 2298; baseline -0.007 -8"><span class='ocrx_word' id='word_1_228' title='bbox 208 2266 301 2298; x_wconf 80' lang='lat' dir='ltr'><strong>quam</strong></span> <span class='ocrx_word' id='word_1_229' title='bbox 322 2256 395 2289; x_wconf 92' lang='lat' dir='ltr'><strong>olim</strong></span> <span class='ocrx_word' id='word_1_230' title='bbox 416 2255 594 2298; x_wconf 80' lang='lat' dir='ltr'><strong>amphoram</strong></span> <span class='ocrx_word' id='word_1_231' title='bbox 616 2252 709 2297; x_wconf 84' lang='lat' dir='ltr'><strong>(quae</strong></span> <span class='ocrx_word' id='word_1_232' title='bbox 723 2253 806 2286; x_wconf 84' lang='lat' dir='ltr'>H-S.</span> <span class='ocrx_word' id='word_1_233' title='bbox 823 2252 885 2285; x_wconf 91' lang='lat'>100</span> <span class='ocrx_word' id='word_1_234' title='bbox 900 2248 1011 2293; x_wconf 83' lang='lat' dir='ltr'><strong>fuerat)</strong></span> <span class='ocrx_word' id='word_1_235' title='bbox 1032 2250 1219 2283; x_wconf 85' lang='lat' dir='ltr'><strong>constitisse:</strong></span> <span class='ocrx_word' id='word_1_236' title='bbox 1242 2267 1284 2271; x_wconf 93' lang='lat'><strong>—</strong></span> <span class='ocrx_word' id='word_1_237' title='bbox 1303 2248 1378 2291; x_wconf 84' lang='lat' dir='ltr'><strong>quid</strong></span> <span class='ocrx_word' id='word_1_238' title='bbox 1399 2248 1441 2281; x_wconf 88' lang='lat' dir='ltr'><strong>ad</strong></span> <span class='ocrx_word' id='word_1_239' title='bbox 1455 2248 1532 2280; x_wconf 88' lang='lat' dir='ltr'><strong>haec</strong></span> <span class='ocrx_word' id='word_1_240' title='bbox 1547 2247 1706 2280; x_wconf 80' lang='lat' dir='ltr'><strong>dicemus?</strong></span> <span class='ocrx_word' id='word_1_241' title='bbox 1727 2247 1846 2289; x_wconf 82' lang='lat' dir='ltr'><strong>Nempe</strong></span> 
     </span>
     <span class='ocr_line' id='line_1_34' title="bbox 208 2311 1847 2360; baseline -0.007 -6"><span class='ocrx_word' id='word_1_242' title='bbox 208 2330 314 2354; x_wconf 87' lang='lat' dir='ltr'><strong>uerum</strong></span> <span class='ocrx_word' id='word_1_243' title='bbox 335 2323 511 2360; x_wconf 84' lang='lat' dir='ltr'><strong>rectumque</strong></span> <span class='ocrx_word' id='word_1_244' title='bbox 533 2329 602 2352; x_wconf 87' lang='lat' dir='ltr'><strong>esse</strong></span> <span class='ocrx_word' id='word_1_245' title='bbox 624 2319 706 2359; x_wconf 86' lang='lat' dir='ltr'><strong>quod</strong></span> <span class='ocrx_word' id='word_1_246' title='bbox 726 2317 890 2359; x_wconf 85' lang='lat' dir='ltr'><strong>scripserit,</strong></span> <span class='ocrx_word' id='word_1_247' title='bbox 911 2317 989 2348; x_wconf 91' lang='lat' dir='ltr'><strong>ultro</strong></span> <span class='ocrx_word' id='word_1_248' title='bbox 1004 2315 1214 2347; x_wconf 85' lang='lat' dir='ltr'><strong>concedemus.</strong></span> <span class='ocrx_word' id='word_1_249' title='bbox 1243 2314 1385 2354; x_wconf 90' lang='lat' dir='ltr'><strong>Denique</strong></span> <span class='ocrx_word' id='word_1_250' title='bbox 1407 2323 1476 2344; x_wconf 88' lang='lat' dir='ltr'><strong>cum</strong></span> <span class='ocrx_word' id='word_1_251' title='bbox 1496 2313 1554 2344; x_wconf 90' lang='grc'><strong>1106</strong></span> <span class='ocrx_word' id='word_1_252' title='bbox 1571 2313 1672 2354; x_wconf 87' lang='lat' dir='ltr'><strong>ipsum</strong></span> <span class='ocrx_word' id='word_1_253' title='bbox 1694 2312 1742 2352; x_wconf 85' lang='lat' dir='ltr'><strong>sit,</strong></span> <span class='ocrx_word' id='word_1_254' title='bbox 1765 2311 1847 2352; x_wconf 83' lang='lat' dir='ltr'><strong>quod</strong></span> 
     </span>
     <span class='ocr_line' id='line_1_35' title="bbox 209 2378 1847 2428; baseline -0.007 -10"><span class='ocrx_word' id='word_1_255' title='bbox 209 2395 303 2428; x_wconf 86' lang='lat' dir='ltr'><strong>supra</strong></span> <span class='ocrx_word' id='word_1_256' title='bbox 315 2385 421 2417; x_wconf 83' lang='lat' dir='ltr'><strong>lectori</strong></span> <span class='ocrx_word' id='word_1_257' title='bbox 435 2384 533 2426; x_wconf 91' lang='lat' dir='ltr'><strong>primo</strong></span> <span class='ocrx_word' id='word_1_258' title='bbox 547 2384 614 2415; x_wconf 90' lang='lat' dir='ltr'><strong>loco</strong></span> <span class='ocrx_word' id='word_1_259' title='bbox 629 2383 820 2425; x_wconf 89' lang='lat' dir='ltr'><strong>probandum</strong></span> <span class='ocrx_word' id='word_1_260' title='bbox 835 2381 965 2422; x_wconf 81' lang='lat' dir='ltr'><strong>suscepi,</strong></span> <span class='ocrx_word' id='word_1_261' title='bbox 976 2381 1106 2422; x_wconf 85' lang='lat' dir='ltr'><strong>primam</strong></span> <span class='ocrx_word' id='word_1_262' title='bbox 1120 2383 1238 2420; x_wconf 84' lang='lat' dir='ltr'><strong>partem</strong></span> <span class='ocrx_word' id='word_1_263' title='bbox 1255 2388 1384 2410; x_wconf 82' lang='lat' dir='ltr'><strong>caussae</strong></span> <span class='ocrx_word' id='word_1_264' title='bbox 1395 2388 1483 2410; x_wconf 78' lang='lat' dir='ltr'><strong>meae</strong></span> <span class='ocrx_word' id='word_1_265' title='bbox 1498 2382 1598 2409; x_wconf 81' lang='lat' dir='ltr'><strong>actam</strong></span> <span class='ocrx_word' id='word_1_266' title='bbox 1614 2387 1683 2409; x_wconf 89' lang='lat' dir='ltr'><strong>esse</strong></span> <span class='ocrx_word' id='word_1_267' title='bbox 1696 2378 1847 2409; x_wconf 82' lang='lat' dir='ltr'><strong>existimo.</strong></span> 
     </span>
    </p>
   </div>
  </div>
 </body>
</html>
