2020 2823
997 148 1021 185 8

181 255 274 291 atque
295 255 368 282 tunc
390 252 527 291 demum,
549 252 610 283 sibi
631 252 749 291 ahquid
771 252 881 283 deesse
903 252 1201 290 animaduertissent,
1223 252 1326 283 subita
1347 252 1550 292 trepidatione
1572 252 1616 283 ibi
1637 251 1755 291 statim,
1777 252 1830 282 ubi

181 315 487 355 animaduertissent,
509 316 599 355 quasi
621 316 714 346 fluctu
736 316 778 346 ad
800 326 853 346 ora
875 319 1026 355 surgente,
1048 315 1286 355 conclamarent,
1308 315 1515 355 considerent,
1538 325 1636 355 eaque
1656 325 1719 347 una
1734 316 1828 346 unice

181 383 269 420 parte
291 390 382 420 opem
404 380 463 411 sibi
485 380 643 412 ferendam
657 390 727 412 esse
742 380 947 420 opinarentur,
969 389 1069 418 neque
1084 382 1268 419 reputarent,
1291 389 1364 411 num
1381 379 1459 411 forte
1473 379 1583 411 unciae
1598 379 1674 411 illud
1688 379 1827 420 pretium,

182 444 266 484 quod
288 445 348 476 sibi
370 445 500 484 deesset,
523 456 543 476 a
564 445 663 476 Plinio
684 444 836 476 anteriore
858 444 993 483 quadam
1015 444 1186 475 sententiae
1207 447 1294 485 parte
1314 443 1505 485 adscriptum
1526 444 1644 476 fuisset.

269 508 359 546 Quod
381 513 533 549 utcunque
555 519 589 540 se
611 508 711 548 habet,
733 507 809 539 illud
831 508 974 540 docuisse
995 508 1072 540 mihi
1093 508 1208 548 uideor,
1231 508 1308 548 sani,
1329 507 1417 548 firmi,
1439 508 1529 549 pensi
1550 508 1670 549 ratique
1684 508 1745 541 illis
1760 518 1828 541 con-
1862 551 1864 553 Ι

183 573 307 605 iecturis
330 583 407 614 quas
429 573 531 605 rettuli
551 572 628 604 nihil
650 572 760 604 inesse.
793 571 941 605 Confecta
963 576 1010 605 est
1031 573 1129 605 altera
1150 581 1223 614 pars
1244 571 1433 605 defensionis
1455 581 1552 605 meae.

974 735 1039 780 III.

269 830 376 860 Restat
397 832 430 859 ut
445 828 614 868 ostendam,
637 828 665 859 si
679 829 796 860 Plinius
819 829 914 859 decies
929 834 1043 859 tantum
1057 828 1240 869 scripsisset,
1263 828 1520 868 quemadmodum
1533 828 1672 861 accidere
1686 829 1826 869 potuerit,

183 897 214 925 ut
236 893 267 924 in
290 893 421 933 codices,
443 894 554 933 quibus
576 893 696 933 utimur,
721 905 758 925 ex
779 893 824 925 his
846 899 945 925 tamen
966 893 1121 935 irreperet.
1160 892 1227 930 Quo
1250 892 1327 924 nihil
1347 896 1449 934 potest
1470 903 1540 925 esse
1562 892 1691 926 facilius.
1727 893 1826 926 Nosse

182 961 284 988 tamen
306 957 392 998 prius
414 961 534 998 oportet
556 957 647 988 haec':
1038 1000 1045 1006 .

269 1023 296 1052 1.
324 1022 548 1053 Vocabulorum
575 1027 674 1052 tamen
703 1026 733 1052 et
760 1027 875 1051 tantum
902 1031 996 1062 saepe
1018 1021 1127 1052 eadem
1148 1025 1221 1052 nota
1243 1021 1312 1061 fuit,
1341 1021 1485 1052 uidelicet
1507 1014 1588 1061 '1*—M.,
1615 1022 1661 1052 uti
1682 1021 1825 1053 traditum

181 1087 357 1127 accepimus
379 1097 399 1117 a
412 1087 566 1126 Mag-none
581 1084 651 1125 (Ed.
667 1086 804 1117 Gothofr.
823 1087 914 1117 1622.
936 1096 966 1125 p.
983 1086 1075 1116 1494.
1103 1086 1225 1117 Putsch.
1245 1096 1275 1126 p.
1289 1086 1380 1117 1575.
1409 1086 1487 1117 conf.
1508 1086 1581 1117 ibid.
1601 1086 1633 1117 in
1652 1086 1721 1117 Not.
1736 1086 1824 1117 iurid.

182 1161 212 1191 p.
230 1149 336 1191 1683.)
362 1142 432 1182 ΤΠ.
447 1163 484 1176 =
498 1154 615 1190 tamen,
631 1154 662 1182 et
675 1160 695 1181 a
706 1150 795 1182 Petro
808 1150 947 1181 Diacono
958 1148 1108 1190 (Gothofr.
1121 1160 1151 1191 p.
1160 1150 1251 1181 1524.
1274 1150 1396 1182 Putsch.
1408 1161 1438 1192 p.
1448 1148 1553 1190 1635.)
1564 1142 1631 1182 T—M.
1646 1162 1680 1177 =
1699 1153 1824 1183 tantum.

269 1216 299 1247 2.
327 1215 484 1246 Vocabula
505 1214 559 1255 his,
583 1215 629 1255 iis,
654 1215 695 1245 eie
716 1214 873 1245 uariantur
895 1214 1045 1255 scriptura
1066 1214 1121 1253 his,
1147 1214 1213 1254 hiis,
1236 1214 1311 1245 laicis
1332 1217 1389 1246 etc.

269 1280 299 1309 3.
329 1280 439 1310 Decies
461 1279 554 1309 scribi
576 1279 654 1309 solet
674 1278 784 1317 XIES,
807 1278 941 1309 XHOES.

267 1343 377 1382 Itaque
399 1343 427 1374 si
449 1343 481 1373 in
503 1342 680 1382 exemplari,
703 1341 784 1373 unde
805 1341 1005 1381 describebat,
1028 1341 1169 1373 librarius
1191 1341 1268 1374 forte
1290 1341 1440 1374 inuenerit
1460 1342 1607 1383 scriptum

780 1396 1237 1437 STATVANTVRXHIESW

182 1482 274 1511 quam
297 1471 381 1503 facili
403 1471 525 1511 negotio
547 1471 645 1512 potuit
666 1471 698 1501 in
720 1481 852 1502 errorem
875 1470 1018 1510 incidere,
1040 1474 1074 1502 ut
1094 1471 1217 1510 legeret,
1240 1470 1353 1502 deinde
1375 1471 1443 1512 ipse
1464 1471 1609 1504 scriberet

777 1526 1235 1568 STATVANTVREXHISTE

181 1612 237 1633 nos
252 1605 356 1633 autem
371 1601 530 1632 lenissima
546 1601 739 1641 correctione,
754 1611 817 1633 una
827 1604 945 1632 tantum
960 1601 1060 1632 littera
1070 1600 1097 1632 E
1112 1601 1306 1642 transposita,
1327 1600 1486 1633 defunctos
1497 1611 1567 1634 esse
1582 1601 1659 1634 ultro
1671 1601 1823 1634 fateberis.

267 1666 415 1698 Absoluta
437 1669 485 1698 est
507 1676 576 1697 cum
597 1666 687 1698 tertia
707 1675 781 1707 pars
803 1669 867 1697 tum
889 1665 988 1697 omnis
1010 1666 1150 1698 defensio
1172 1676 1250 1698 mea.

267 1796 334 1827 Iam
361 1795 389 1827 si
411 1796 463 1835 qui
489 1800 559 1827 sunt
581 1792 688 1836 (cupio
711 1795 822 1827 multos
845 1793 947 1835 esse),
975 1795 1085 1834 quibus
1108 1805 1187 1834 quae
1210 1794 1301 1827 modo
1323 1794 1435 1836 protuli
1456 1795 1639 1836 probauero,
1665 1798 1730 1828 tum
1751 1806 1823 1829 uero

180 1859 314 1891 maxime
336 1859 412 1890 mihi
433 1859 602 1891 timendum
624 1859 690 1898 erit,
711 1869 751 1891 ne
773 1869 828 1891 eos
843 1858 1002 1899 superiora
1016 1858 1130 1898 legisse
1144 1859 1308 1899 poeniteat,
1330 1868 1403 1891 nam
1416 1858 1501 1891 haud
1514 1859 1648 1892 absurde
1661 1859 1724 1892 dici
1739 1860 1823 1899 solet,

179 1924 327 1965 optimam
355 1934 509 1964 quamque
535 1924 740 1956 coniecturam
766 1922 964 1965 paucissimis
990 1923 1093 1956 uerbis
1121 1922 1269 1964 indigere.
1311 1922 1377 1956 Illis
1404 1926 1438 1955 ut
1465 1933 1581 1956 morem
1605 1933 1710 1964 geram
1731 1927 1823 1965 atque

180 1988 388 2029 indemnitate,
410 1992 558 2028 quantum
579 1989 611 2019 in
632 1998 682 2020 me
703 1992 760 2029 est,
782 1989 886 2020 oblata
906 1988 1054 2019 honorem
1075 1987 1214 2027 habeam,
1236 1988 1351 2020 addam
1365 1988 1570 2020 coniecturam
1583 1998 1685 2020 meam
1699 1989 1739 2021 de
1753 1990 1823 2021 aliis

180 2053 255 2084 locis
277 2054 411 2093 duobus,
439 2063 459 2085 a
486 2053 644 2094 proposito
665 2053 791 2093 quidem
811 2052 1024 2092 alienissimis,
1051 2062 1088 2084 eo
1110 2056 1214 2084 tamen
1234 2052 1414 2093 propinquis
1436 2055 1468 2084 et
1488 2052 1621 2092 quodam
1642 2053 1733 2086 modo
1755 2064 1823 2087 con-

180 2117 301 2157 iunctis,
322 2118 412 2158 quod,
435 2118 548 2159 partim
562 2117 762 2158 librariorum,
784 2117 897 2159 partim
911 2117 1062 2148 editorum
1077 2117 1168 2157 eulpa
1181 2119 1332 2158 corrupta,
1346 2120 1486 2153 notarum
1500 2117 1654 2150 intellectu
1667 2122 1822 2150 sanantur.

266 2167 359 2223 A'pud
381 2182 492 2214 Gaium
506 2182 557 2223 lv,
575 2183 646 2214 152.
668 2182 709 2214 de
730 2181 892 2213 interdicto
914 2181 1022 2219 Vtrubi
1043 2181 1121 2213 112ae
1142 2181 1298 2222 leguntur:

386 2248 492 2279 Annus
513 2237 624 2280 autem¹
637 2251 787 2279 retrorsus
809 2251 997 2288 numeratur3
1021 2248 1124 2287 itaque
1146 2247 1174 2278 si
1195 2251 1228 2278 tu
1249 2247 1336 2279 uerbi
1356 2247 1456 2288 gratia
1476 2248 1633 2279 mensibus
1647 2249 1823 2295 possederis

385 2312 537 2354 prioribus
551 2313 596 2354 V.‚
618 2316 650 2345 et
671 2322 729 2354 ego
744 2312 810 2343 VH.
825 2312 1053 2354 posterioribus,
1075 2322 1133 2353 ego
1155 2312 1255 2353 potior
1269 2321 1321 2344 ero
1339 2312 1508 2353 quantitate
1530 2313 1680 2345 mensium
1702 2323 1822 2355 posses-

385 2377 491 2418 sionis,
513 2387 571 2410 nec
591 2377 648 2409 tihi
668 2377 701 2409 in
723 2377 780 2410 hoc
802 2377 962 2409 interdicto
984 2376 1117 2419 prodest,
1139 2377 1223 2418 quod
1243 2377 1327 2419 prior
1340 2381 1394 2409 tua
1415 2377 1483 2410 eius
1504 2377 1577 2409 anni
1594 2378 1751 2419 possessio
1765 2382 1821 2411 est.
