2020 2823
984 377 1029 422 ΙΙ.

269 489 420 528 Sequitur,
444 493 477 520 ut
498 488 537 519 de
560 491 748 519 caeterorum
770 487 917 526 cuiusque
931 490 995 518 tam
1016 487 1264 529 interpretatione
1278 496 1371 527 quam
1386 487 1608 528 emendatione,
1630 492 1721 529 prout
1734 498 1827 529 supra

183 554 278 585 allata
300 556 356 592 est,
379 552 587 593 dispiciamus.
622 552 721 591 Atque
744 551 783 582 de
806 551 958 583 sententia
979 551 1039 583 loci
1060 558 1091 583 et
1105 552 1259 584 intellectu
1273 551 1359 592 prius
1375 552 1514 592 plerique
1528 552 1694 592 disputant,
1716 552 1827 584 exinde

182 617 388 649 coniecturam
410 616 533 657 capiunt
555 619 656 648 textus
671 614 857 648 emendandi
872 614 1145 656 constituendique,
1167 615 1269 648 uerbis
1283 615 1396 657 partim
1410 615 1527 648 finitam
1541 616 1653 657 partim
1668 615 1826 648 infinitam.

181 681 271 713 Prius
293 683 410 722 autem,
431 679 559 722 perinde
582 689 619 711 ac
640 688 697 712 nos
720 678 857 720 fecimus,
880 681 1025 721 statuunt,
1047 678 1228 722 amphoram
1251 679 1293 711 80
1312 679 1422 721 libras,
1444 679 1553 713 libram
1577 679 1617 712 12
1631 679 1739 713 uncias
1759 689 1827 712 con-

182 746 294 786 tinere3
323 734 401 776 tum'
415 744 498 776 haud
527 744 627 776 minus
654 752 742 775 uere:
773 743 835 775 100
856 743 1029 775 sestertium
1058 747 1170 776 sortem
1192 753 1286 776 usura
1314 744 1458 784 semisse,
1486 746 1602 777 remoto
1629 744 1826 784 anatocismo,

182 810 272 841 annis
296 810 357 840 160
379 809 533 841 sestertios
556 817 664 849 parere
682 809 744 839 160
756 813 782 841 Χ
794 809 814 839 6
829 819 865 834 =
880 808 951 840 960.
985 807 1102 845 Quibus
1120 808 1148 840 si
1169 817 1236 840 sors
1257 808 1397 849 addatur,
1419 818 1498 849 quae
1514 811 1562 841 est
1576 808 1749 841 sestertium
1766 809 1827 840 100

182 872 226 914 (et
247 873 465 914 Dalecampius
487 872 601 904 diserte
623 872 726 913 addit,
756 872 886 904 caeteris
915 872 1085 904 tacentibus
1108 872 1246 913 quidem,
1274 882 1332 905 nec
1353 875 1472 914 tamen,
1500 876 1588 914 puto,
1614 872 1826 913 abnuentibus,

181 938 324 970 nimirum
345 937 584 977 haudquaquam
606 934 787 977 euanescit),
810 936 939 969 efficitur
954 947 1073 970 summa
1088 937 1262 969 sestertium
1278 937 1370 977 1060,
1393 947 1454 977 qua
1467 937 1533 969 uini
1547 937 1696 978 amphora
1709 938 1826 970 exactis

184 1004 245 1035 160
264 1002 354 1035 annis
376 1002 435 1034 hoe
457 1002 567 1034 calculi
588 1001 680 1034 modo
704 1005 866 1034 constaret.
899 1002 1055 1034 Postremo
1077 988 1198 1034 usurae'
1210 1002 1381 1043 simplicem
1400 1012 1470 1034 eam
1484 1003 1740 1044 computationem
1759 1003 1826 1035 sine

182 1067 243 1098 ullo
264 1066 453 1098 anatocismo
475 1066 517 1097 ad
539 1075 633 1097 unum
655 1076 762 1097 omnes
785 1066 971 1097 contendunt
993 1066 1059 1097 siue
1080 1076 1135 1107 pro
1158 1069 1239 1105 certo
1261 1066 1363 1107 potius
1385 1069 1517 1106 sumunt,
1540 1066 1637 1098 solam
1655 1066 1755 1098 Plinio
1776 1066 1827 1098 ob-

182 1135 337 1163 uersatam
360 1141 439 1162 esse.
479 1130 548 1168 Qua
570 1131 609 1162 de
631 1140 664 1162 re
686 1134 849 1170 utcumque
871 1131 1034 1171 dissenti0,
1056 1131 1293 1162 controuersiam
1313 1131 1482 1172 paullisper
1503 1131 1535 1162 in
1557 1130 1658 1162 medio
1680 1131 1826 1171 relinquo.

181 1196 331 1227 Attendas
359 1199 452 1226 antea
473 1195 651 1235 diligenter,
679 1205 719 1226 ex
741 1196 794 1226 illa
816 1196 925 1226 calculi
946 1196 1076 1236 putandi
1097 1196 1213 1227 ratione
1235 1199 1351 1235 quanta
1371 1196 1412 1226 sit
1432 1196 1582 1236 pecuniae
1605 1205 1737 1235 summa,
1765 1205 1827 1235 qua

182 1261 304 1293 unciam
326 1260 501 1292 constitisse
523 1263 672 1302 oporteat.
709 1260 757 1292 Ea
778 1270 865 1300 uero,
888 1260 1012 1292 obiiciat
1033 1260 1110 1291 mihi
1130 1260 1256 1300 aliquis,
1277 1260 1382 1301 grauis
1404 1263 1452 1293 est
1473 1260 1612 1300 quaestio
1633 1263 1664 1293 et
1685 1260 1764 1293 mira
1784 1263 1826 1293 at-

181 1325 316 1358 tentione
339 1325 447 1365 digna!
476 1325 596 1365 Nempe
618 1324 753 1357 constitit
774 1324 923 1357 sestertiis
944 1326 1023 1361 2523—0.
1066 1324 1117 1356 Nil
1138 1335 1289 1366 repugno,
1311 1324 1426 1366 quippe
1447 1328 1495 1357 est
1515 1325 1658 1364 aequatio
1679 1324 1827 1358 soluenda

181 1390 274 1422 haec:
297 1390 381 1422 960:
396 1390 412 1421 1
428 1401 466 1416 =
483 1390 629 1422 1060:x.
669 1389 749 1422 Tum
770 1389 829 1421 hoc
849 1389 933 1421 dico:
960 1388 1038 1422 Cum
1059 1389 1145 1431 prius
1168 1389 1244 1422 satis
1265 1375 1369 1422 animo
1389 1388 1522 1430 fimato,
1548 1399 1588 1422 ne
1610 1388 1650 1422 de
1670 1390 1827 1432 proposito

183 1454 297 1495 depelli
324 1457 354 1486 te
382 1454 482 1494 sinas,
509 1453 593 1495 apud
619 1457 650 1485 te
678 1454 884 1494 constitueris,
912 1453 1092 1495 amphoram
1120 1454 1206 1486 1060
1225 1453 1375 1486 sestertiis
1400 1457 1464 1486 tum
1490 1454 1679 1495 constitisse,
1705 1454 1827 1487 unciam

181 1521 285 1551 autem
307 1517 476 1559 amphorae
497 1517 762 1559 nongentesimam
783 1518 1008 1559 sexagesimam
1029 1521 1149 1559 partem
1164 1528 1234 1551 esse
1249 1515 1335 1559 (τὶ-ς),
1356 1528 1430 1559 ergo
1444 1518 1567 1550 unciam
1586 1518 1735 1551 sestertiis
1749 1520 1826 1559 ³.’÷.⁰,

182 1584 241 1615 hoc
254 1586 303 1615 est
317 1583 459 1614 sestertio
474 1592 534 1614 uno
549 1586 581 1614 et
598 1583 724 1614 alterius
739 1583 871 1614 sestertii
883 1585 937 1619 ἦῆ
953 1595 990 1609 =
1010 1585 1046 1619 1⁵1
1067 1583 1134 1614 siue
1148 1583 1283 1622 quinque
1296 1583 1434 1624 partibus
1449 1583 1694 1624 quadragesimis
1709 1583 1826 1615 oetauis

183 1646 279 1687 (H-S.
298 1649 314 1679 1
324 1645 389 1687 ἡ),
404 1647 579 1679 necessario
594 1647 784 1679 constitisse:
796 1660 804 1678 :
817 1665 860 1669 ——
875 1651 939 1679 tum
953 1658 1027 1679 uero
1041 1648 1161 1688 respice
1179 1658 1294 1687 quaeso
1310 1648 1362 1679 hic
1377 1648 1527 1689 superius,
1550 1651 1664 1688 quanto
1678 1648 1826 1680 Doctores

183 1712 228 1743 illi
241 1723 298 1753 pro
314 1712 447 1752 simplici
462 1722 519 1744 sua
533 1722 628 1744 usura
641 1715 758 1744 remoto
771 1712 969 1751 anatocismo,
991 1712 1075 1743 omni
1088 1712 1180 1744 sortis
1199 1722 1420 1753 usurarumque
1438 1723 1558 1745 summa
1577 1713 1727 1745 sestertiis
1743 1714 1827 1745 1060

181 1776 278 1816 finita,
299 1776 422 1808 unciam
443 1776 508 1808 uini
529 1776 562 1807 in
583 1775 637 1808 illa
658 1786 754 1808 coena
776 1776 950 1808 constitisse
971 1776 1190 1809 contenderint.

268 1839 419 1872 Nimirum
441 1842 611 1872 statuerunt

454 1903 676 1936 Harduinus
698 1903 819 1935 unciam
842 1903 1016 1936 constitisse
1038 1903 1187 1937 sestertiis
1231 1928 1448 1936 .....
1492 1904 1564 1936 960.

455 1967 658 2000 Pintianus
680 1970 783 2000 autem
919 1992 934 2009 „
1108 1993 1123 2010 „
1233 1992 1448 2001 .....
1495 1968 1565 2001 160.

453 2031 786 2066 Chrestomathiae
808 2031 940 2072 denique
963 2035 1068 2065 auctor
1125 2057 1448 2066 .......
1493 2033 1563 2065 100.

266 2097 321 2130 Dii
342 2097 484 2131 meliora!
515 2096 663 2130 euertitur
690 2096 797 2138 regula
824 2095 864 2129 de
887 2095 957 2137 Tri,
985 2096 1077 2138 periit
1107 2107 1159 2131 ars
1186 2096 1394 2131 arithmetica!
1426 2097 1485 2131 Hic
1512 2108 1586 2132 uero
1612 2101 1668 2138 est
1686 2097 1768 2132 unde
1795 2098 1826 2131 in

182 2166 322 2204 corrupto
343 2164 429 2195 textu
452 2160 625 2203 corrigendi
646 2160 807 2194 materiam
829 2160 949 2202 capias!

246 2227 336 2268 Cepit
355 2230 468 2267 tamen,
490 2229 525 2258 ut
545 2235 642 2267 supra
662 2225 806 2265 indicaui,
829 2225 1084 2258 chrestomathiae
1105 2229 1217 2267 auctor,
1240 2226 1355 2268 quippe
1377 2226 1430 2267 qui
1451 2226 1512 2259 ista
1533 2236 1591 2259 sua
1611 2226 1720 2259 calculi
1741 2230 1826 2268 puta-

182 2290 265 2323 tione
276 2290 371 2323 fretus
381 2290 564 2323 uocabulum
575 2301 620 2331 eo,
631 2289 675 2323 ad
689 2289 847 2332 superiora
859 2290 973 2323 omer&
982 2291 1097 2323 nmnms'
1109 2289 1310 2332 referendum,
1325 2291 1494 2332 inseruerit,
1506 2294 1539 2324 ut
1553 2290 1597 2324 ibi
1610 2290 1673 2324 iam
1687 2286 1825 2333 legamus

388 2355 526 2396 singulas
546 2355 655 2388 uncias
676 2355 742 2387 uini
764 2366 798 2386 eo
819 2355 1007 2390 constitisse:
