<?xml version="1.0" encoding="UTF-8"?>
<!DOCTYPE html PUBLIC "-//W3C//DTD XHTML 1.0 Transitional//EN"
    "http://www.w3.org/TR/xhtml1/DTD/xhtml1-transitional.dtd">
<html xmlns="http://www.w3.org/1999/xhtml" xml:lang="en" lang="en">
 <head>
  <title>
</title>
<meta http-equiv="Content-Type" content="text/html;charset=utf-8" />
  <meta name='ocr-system' content='tesseract 3.04.00' />
  <meta name='ocr-capabilities' content='ocr_page ocr_carea ocr_par ocr_line ocrx_word'/>
</head>
<body>
  <div class='ocr_page' id='page_1' title='image "./4626794_0011.png"; bbox 0 0 2020 2823; ppageno 0'>
   <div class='ocr_carea' id='block_1_1' title="bbox 1013 140 1040 177">
    <p class='ocr_par' dir='ltr' id='par_1_1' title="bbox 1013 140 1040 177">
     <span class='ocr_line' id='line_1_1' title="bbox 1013 140 1040 177; baseline 0 0"><span class='ocrx_word' id='word_1_1' title='bbox 1013 140 1040 177; x_wconf 87' lang='lat'>4</span> 
     </span>
    </p>
   </div>
   <div class='ocr_carea' id='block_1_2' title="bbox 284 241 1828 544">
    <p class='ocr_par' dir='ltr' id='par_1_2' title="bbox 284 241 1828 544">
     <span class='ocr_line' id='line_1_2' title="bbox 284 241 1824 281; baseline -0.003 -4"><span class='ocrx_word' id='word_1_2' title='bbox 284 245 342 277; x_wconf 86' lang='lat' dir='ltr'><strong>Est</strong></span> <span class='ocrx_word' id='word_1_3' title='bbox 372 265 1536 277; x_wconf 90' lang='grc'><em>.......................</em></span> <span class='ocrx_word' id='word_1_4' title='bbox 1580 241 1824 281; x_wconf 61' lang='lat'>20253058653</span> 
     </span>
     <span class='ocr_line' id='line_1_3' title="bbox 285 305 1826 351; baseline -0.004 -9"><span class='ocrx_word' id='word_1_5' title='bbox 285 310 438 342; x_wconf 82' lang='lat' dir='ltr'><strong>Subtrahe</strong></span> <span class='ocrx_word' id='word_1_6' title='bbox 458 310 675 351; x_wconf 85' lang='lat' dir='ltr'><strong>logarithmum</strong></span> <span class='ocrx_word' id='word_1_7' title='bbox 696 310 815 341; x_wconf 89' lang='lat' dir='ltr'><strong>numeri</strong></span> <span class='ocrx_word' id='word_1_8' title='bbox 840 310 909 349; x_wconf 89' lang='lat'>100,</span> <span class='ocrx_word' id='word_1_9' title='bbox 935 309 988 349; x_wconf 89' lang='lat' dir='ltr'><strong>qui</strong></span> <span class='ocrx_word' id='word_1_10' title='bbox 1009 312 1057 340; x_wconf 84' lang='lat' dir='ltr'><strong>est</strong></span> <span class='ocrx_word' id='word_1_11' title='bbox 1111 329 1540 339; x_wconf 74' lang='lat'><strong>.........</strong></span> <span class='ocrx_word' id='word_1_12' title='bbox 1582 305 1826 345; x_wconf 84' lang='lat'>2‚0000000000</span> 
     </span>
     <span class='ocr_line' id='line_1_4' title="bbox 285 369 1824 415; baseline -0.004 -9"><span class='ocrx_word' id='word_1_13' title='bbox 285 374 391 406; x_wconf 85' lang='lat' dir='ltr'><strong>Habes</strong></span> <span class='ocrx_word' id='word_1_14' title='bbox 412 374 630 415; x_wconf 88' lang='lat' dir='ltr'><strong>logarithmum</strong></span> <span class='ocrx_word' id='word_1_15' title='bbox 650 374 770 406; x_wconf 84' lang='lat' dir='ltr'><strong>numeri</strong></span> <span class='ocrx_word' id='word_1_16' title='bbox 791 375 851 412; x_wconf 39' lang='grc' dir='ltr'><strong>ἦ,</strong></span> <span class='ocrx_word' id='word_1_17' title='bbox 872 373 1017 405; x_wconf 73' lang='lat' dir='ltr'><strong>uidelicet</strong></span> <span class='ocrx_word' id='word_1_18' title='bbox 1056 394 1536 404; x_wconf 90' lang='grc'><strong>..........</strong></span> <span class='ocrx_word' id='word_1_19' title='bbox 1579 369 1824 409; x_wconf 76' lang='grc' dir='ltr'><strong>Ο,0253058658</strong></span> 
     </span>
     <span class='ocr_line' id='line_1_5' title="bbox 286 433 1828 480; baseline -0.004 -10"><span class='ocrx_word' id='word_1_20' title='bbox 286 439 457 480; x_wconf 85' lang='lat' dir='ltr'><strong>Multiplioa</strong></span> <span class='ocrx_word' id='word_1_21' title='bbox 478 448 627 470; x_wconf 89' lang='lat' dir='ltr'><strong>annorum</strong></span> <span class='ocrx_word' id='word_1_22' title='bbox 648 448 774 470; x_wconf 90' lang='lat' dir='ltr'><strong>numero</strong></span> <span class='ocrx_word' id='word_1_23' title='bbox 797 458 1535 469; x_wconf 89' lang='grc'><strong>...............</strong></span> <span class='ocrx_word' id='word_1_24' title='bbox 1763 433 1828 464; x_wconf 87' lang='grc'><strong>160</strong></span> 
     </span>
     <span class='ocr_line' id='line_1_6' title="bbox 286 498 1825 544; baseline -0.004 -10"><span class='ocrx_word' id='word_1_25' title='bbox 286 503 337 534; x_wconf 83' lang='lat' dir='ltr'><strong>Fit</strong></span> <span class='ocrx_word' id='word_1_26' title='bbox 358 502 559 544; x_wconf 84' lang='lat' dir='ltr'><strong>logarithmus</strong></span> <span class='ocrx_word' id='word_1_27' title='bbox 581 502 699 534; x_wconf 88' lang='lat' dir='ltr'><strong>numeri</strong></span> <span class='ocrx_word' id='word_1_28' title='bbox 720 499 836 542; x_wconf 51' lang='grc' dir='ltr'><strong>(ἦ-ξὲἳω</strong></span> <span class='ocrx_word' id='word_1_29' title='bbox 848 522 1535 533; x_wconf 90' lang='grc'><strong>..............</strong></span> <span class='ocrx_word' id='word_1_30' title='bbox 1579 498 1825 539; x_wconf 85' lang='lat'>4,0489384480</span> 
     </span>
    </p>
   </div>
   <div class='ocr_carea' id='block_1_3' title="bbox 198 564 1846 1057">
    <p class='ocr_par' dir='ltr' id='par_1_3' title="bbox 198 564 1846 1057">
     <span class='ocr_line' id='line_1_7' title="bbox 286 564 1533 607; baseline -0.004 -8"><span class='ocrx_word' id='word_1_31' title='bbox 286 568 353 599; x_wconf 83' lang='lat' dir='ltr'><strong>Iam</strong></span> <span class='ocrx_word' id='word_1_32' title='bbox 375 578 444 599; x_wconf 90' lang='lat' dir='ltr'><strong>eum</strong></span> <span class='ocrx_word' id='word_1_33' title='bbox 469 568 520 599; x_wconf 93' lang='lat' dir='ltr'><strong>ille</strong></span> <span class='ocrx_word' id='word_1_34' title='bbox 542 577 686 599; x_wconf 89' lang='lat' dir='ltr'><strong>numerus</strong></span> <span class='ocrx_word' id='word_1_35' title='bbox 709 564 825 607; x_wconf 66' lang='lat'>(÷2÷)¹⁶⁰</span> <span class='ocrx_word' id='word_1_36' title='bbox 846 566 1094 606; x_wconf 85' lang='lat' dir='ltr'><strong>multiplicandus</strong></span> <span class='ocrx_word' id='word_1_37' title='bbox 1117 565 1157 596; x_wconf 89' lang='lat' dir='ltr'><strong>sit</strong></span> <span class='ocrx_word' id='word_1_38' title='bbox 1178 564 1269 596; x_wconf 88' lang='lat' dir='ltr'><strong>sortis</strong></span> <span class='ocrx_word' id='word_1_39' title='bbox 1291 574 1425 603; x_wconf 89' lang='lat' dir='ltr'><strong>summa,</strong></span> <span class='ocrx_word' id='word_1_40' title='bbox 1453 573 1533 603; x_wconf 87' lang='lat' dir='ltr'><strong>quae</strong></span> 
     </span>
     <span class='ocr_line' id='line_1_8' title="bbox 198 629 1532 672; baseline -0.003 -10"><span class='ocrx_word' id='word_1_41' title='bbox 198 636 248 663; x_wconf 84' lang='lat' dir='ltr'><strong>est</strong></span> <span class='ocrx_word' id='word_1_42' title='bbox 263 632 333 671; x_wconf 89' lang='grc'>100,</span> <span class='ocrx_word' id='word_1_43' title='bbox 355 632 437 664; x_wconf 82' lang='lat' dir='ltr'><strong>adde</strong></span> <span class='ocrx_word' id='word_1_44' title='bbox 460 632 504 663; x_wconf 90' lang='lat' dir='ltr'><strong>sis</strong></span> <span class='ocrx_word' id='word_1_45' title='bbox 526 632 598 663; x_wconf 84' lang='lat' dir='ltr'><strong>huie</strong></span> <span class='ocrx_word' id='word_1_46' title='bbox 618 631 801 672; x_wconf 85' lang='lat' dir='ltr'><strong>logarithmo</strong></span> <span class='ocrx_word' id='word_1_47' title='bbox 822 631 950 662; x_wconf 85' lang='lat' dir='ltr'><strong>alterum</strong></span> <span class='ocrx_word' id='word_1_48' title='bbox 973 630 1187 670; x_wconf 84' lang='lat' dir='ltr'><strong>logarithmum</strong></span> <span class='ocrx_word' id='word_1_49' title='bbox 1207 629 1325 660; x_wconf 88' lang='lat' dir='ltr'><strong>numeri</strong></span> <span class='ocrx_word' id='word_1_50' title='bbox 1342 629 1417 668; x_wconf 91' lang='lat'>100,</span> <span class='ocrx_word' id='word_1_51' title='bbox 1440 637 1532 668; x_wconf 89' lang='lat' dir='ltr'><strong>quem</strong></span> 
     </span>
     <span class='ocr_line' id='line_1_9' title="bbox 199 691 1824 731; baseline -0.002 -5"><span class='ocrx_word' id='word_1_52' title='bbox 199 696 280 728; x_wconf 89' lang='lat' dir='ltr'><strong>nosti</strong></span> <span class='ocrx_word' id='word_1_53' title='bbox 302 706 371 728; x_wconf 92' lang='lat' dir='ltr'><strong>esse</strong></span> <span class='ocrx_word' id='word_1_54' title='bbox 422 715 1531 728; x_wconf 86' lang='grc'><strong>......................</strong></span> <span class='ocrx_word' id='word_1_55' title='bbox 1579 691 1824 731; x_wconf 85' lang='lat'>2‚0000000000</span> 
     </span>
     <span class='ocr_line' id='line_1_10' title="bbox 285 757 1799 801; baseline -0.003 -9"><span class='ocrx_word' id='word_1_56' title='bbox 285 760 353 797; x_wconf 83' lang='lat' dir='ltr'><strong>Quo</strong></span> <span class='ocrx_word' id='word_1_57' title='bbox 375 761 457 792; x_wconf 83' lang='lat' dir='ltr'><strong>saoto</strong></span> <span class='ocrx_word' id='word_1_58' title='bbox 478 761 532 792; x_wconf 92' lang='lat' dir='ltr'><strong>fiet</strong></span> <span class='ocrx_word' id='word_1_59' title='bbox 552 760 753 801; x_wconf 85' lang='lat' dir='ltr'><strong>logarithmus</strong></span> <span class='ocrx_word' id='word_1_60' title='bbox 794 784 1011 791; x_wconf 93' lang='grc'><em>.....</em></span> <span class='ocrx_word' id='word_1_61' title='bbox 1031 778 1034 781; x_wconf 65' lang='grc'><strong><em>«</em></strong></span> <span class='ocrx_word' id='word_1_62' title='bbox 1055 781 1532 790; x_wconf 77' lang='grc'><strong>..........</strong></span> <span class='ocrx_word' id='word_1_63' title='bbox 1577 757 1799 797; x_wconf 83' lang='lat'>6,048938448</span> 
     </span>
     <span class='ocr_line' id='line_1_11' title="bbox 286 820 1846 864; baseline -0.001 -9"><span class='ocrx_word' id='word_1_64' title='bbox 286 824 395 857; x_wconf 82' lang='lat' dir='ltr'><strong>Prome</strong></span> <span class='ocrx_word' id='word_1_65' title='bbox 422 824 555 864; x_wconf 86' lang='lat' dir='ltr'><strong>denique</strong></span> <span class='ocrx_word' id='word_1_66' title='bbox 583 834 601 856; x_wconf 87' lang='lat' dir='ltr'><strong>e</strong></span> <span class='ocrx_word' id='word_1_67' title='bbox 628 824 750 856; x_wconf 65' lang='lat' dir='ltr'><strong>tabellis</strong></span> <span class='ocrx_word' id='word_1_68' title='bbox 778 833 869 864; x_wconf 87' lang='lat' dir='ltr'><strong>quem</strong></span> <span class='ocrx_word' id='word_1_69' title='bbox 901 833 1059 855; x_wconf 86' lang='lat' dir='ltr'><strong>numerum</strong></span> <span class='ocrx_word' id='word_1_70' title='bbox 1087 822 1137 854; x_wconf 89' lang='lat' dir='ltr'><strong>hio</strong></span> <span class='ocrx_word' id='word_1_71' title='bbox 1163 821 1363 863; x_wconf 87' lang='lat' dir='ltr'><strong>logarithmus</strong></span> <span class='ocrx_word' id='word_1_72' title='bbox 1391 820 1593 853; x_wconf 85' lang='lat' dir='ltr'><strong>demonstrat:</strong></span> <span class='ocrx_word' id='word_1_73' title='bbox 1626 820 1766 853; x_wconf 85' lang='lat' dir='ltr'><strong>inuenies</strong></span> <span class='ocrx_word' id='word_1_74' title='bbox 1793 830 1846 853; x_wconf 87' lang='lat' dir='ltr'><strong>nu-</strong></span> 
     </span>
     <span class='ocr_line' id='line_1_12' title="bbox 200 889 573 929; baseline 0 -9"><span class='ocrx_word' id='word_1_75' title='bbox 200 899 316 920; x_wconf 84' lang='lat' dir='ltr'><strong>merum</strong></span> <span class='ocrx_word' id='word_1_76' title='bbox 341 889 573 929; x_wconf 83' lang='lat'>1119279,239.</span> 
     </span>
     <span class='ocr_line' id='line_1_13' title="bbox 286 950 1845 994; baseline -0.003 -10"><span class='ocrx_word' id='word_1_77' title='bbox 286 953 414 984; x_wconf 77' lang='lat' dir='ltr'><strong>Constat</strong></span> <span class='ocrx_word' id='word_1_78' title='bbox 427 953 520 994; x_wconf 88' lang='lat' dir='ltr'><strong>igitur</strong></span> <span class='ocrx_word' id='word_1_79' title='bbox 535 953 684 994; x_wconf 82' lang='lat' dir='ltr'><strong>amphora</strong></span> <span class='ocrx_word' id='word_1_80' title='bbox 698 953 772 992; x_wconf 89' lang='lat' dir='ltr'><strong>uini,</strong></span> <span class='ocrx_word' id='word_1_81' title='bbox 795 962 875 992; x_wconf 85' lang='lat' dir='ltr'><strong>quae</strong></span> <span class='ocrx_word' id='word_1_82' title='bbox 890 952 1063 983; x_wconf 84' lang='lat' dir='ltr'><strong>uindemiae</strong></span> <span class='ocrx_word' id='word_1_83' title='bbox 1077 955 1214 992; x_wconf 88' lang='lat' dir='ltr'><strong>tempore</strong></span> <span class='ocrx_word' id='word_1_84' title='bbox 1229 954 1349 982; x_wconf 81' lang='lat' dir='ltr'><strong>eentum</strong></span> <span class='ocrx_word' id='word_1_85' title='bbox 1364 951 1538 982; x_wconf 79' lang='lat' dir='ltr'><strong>sestertium</strong></span> <span class='ocrx_word' id='word_1_86' title='bbox 1553 950 1618 990; x_wconf 78' lang='lat' dir='ltr'><strong>fuit,</strong></span> <span class='ocrx_word' id='word_1_87' title='bbox 1640 953 1710 990; x_wconf 87' lang='lat' dir='ltr'><strong>post</strong></span> <span class='ocrx_word' id='word_1_88' title='bbox 1724 953 1845 981; x_wconf 84' lang='lat' dir='ltr'><strong>eentum</strong></span> 
     </span>
     <span class='ocr_line' id='line_1_14' title="bbox 199 1015 1844 1057; baseline -0.002 -9"><span class='ocrx_word' id='word_1_89' title='bbox 199 1021 230 1048; x_wconf 90' lang='lat' dir='ltr'><strong>et</strong></span> <span class='ocrx_word' id='word_1_90' title='bbox 257 1018 420 1057; x_wconf 82' lang='lat' dir='ltr'><strong>sexaginta</strong></span> <span class='ocrx_word' id='word_1_91' title='bbox 446 1027 544 1048; x_wconf 87' lang='lat' dir='ltr'><strong>annos</strong></span> <span class='ocrx_word' id='word_1_92' title='bbox 572 1017 746 1048; x_wconf 78' lang='lat' dir='ltr'><strong>sestertium</strong></span> <span class='ocrx_word' id='word_1_93' title='bbox 774 1017 921 1048; x_wconf 84' lang='lat' dir='ltr'><strong>undecies</strong></span> <span class='ocrx_word' id='word_1_94' title='bbox 948 1017 1084 1048; x_wconf 75' lang='lat' dir='ltr'><strong>centenis</strong></span> <span class='ocrx_word' id='word_1_95' title='bbox 1112 1020 1142 1047; x_wconf 90' lang='lat' dir='ltr'><strong>et</strong></span> <span class='ocrx_word' id='word_1_96' title='bbox 1166 1015 1378 1054; x_wconf 84' lang='lat' dir='ltr'><strong>nouemdeeim</strong></span> <span class='ocrx_word' id='word_1_97' title='bbox 1400 1015 1536 1054; x_wconf 89' lang='lat' dir='ltr'><strong>milibus,</strong></span> <span class='ocrx_word' id='word_1_98' title='bbox 1563 1015 1702 1046; x_wconf 82' lang='lat' dir='ltr'><strong>ducentis</strong></span> <span class='ocrx_word' id='word_1_99' title='bbox 1724 1018 1844 1055; x_wconf 84' lang='lat' dir='ltr'><strong>septua—</strong></span> 
     </span>
    </p>
   </div>
   <div class='ocr_carea' id='block_1_4' title="bbox 198 1081 1822 1181">
    <p class='ocr_par' dir='ltr' id='par_1_4' title="bbox 198 1081 1822 1181">
     <span class='ocr_line' id='line_1_15' title="bbox 198 1081 767 1120; baseline -0.002 -9"><span class='ocrx_word' id='word_1_100' title='bbox 198 1081 286 1120; x_wconf 84' lang='lat' dir='ltr'><strong>ginta</strong></span> <span class='ocrx_word' id='word_1_101' title='bbox 306 1091 427 1112; x_wconf 90' lang='lat' dir='ltr'><strong>nouem.</strong></span> <span class='ocrx_word' id='word_1_102' title='bbox 764 1107 767 1110; x_wconf 32' lang='lat'><strong>⁴</strong></span> 
     </span>
     <span class='ocr_line' id='line_1_16' title="bbox 286 1141 1822 1181; baseline -0.003 -5"><span class='ocrx_word' id='word_1_103' title='bbox 286 1143 354 1181; x_wconf 84' lang='lat' dir='ltr'><strong>Quo</strong></span> <span class='ocrx_word' id='word_1_104' title='bbox 376 1154 502 1176; x_wconf 90' lang='lat' dir='ltr'><strong>numero</strong></span> <span class='ocrx_word' id='word_1_105' title='bbox 550 1164 1505 1175; x_wconf 88' lang='grc'><strong>...................</strong></span> <span class='ocrx_word' id='word_1_106' title='bbox 1509 1144 1511 1146; x_wconf 85' lang='grc'><em>“</em></span> <span class='ocrx_word' id='word_1_107' title='bbox 1549 1165 1557 1172; x_wconf 95' lang='grc'><strong>.</strong></span> <span class='ocrx_word' id='word_1_108' title='bbox 1603 1141 1822 1181; x_wconf 81' lang='grc'><strong>1119279,239</strong></span> 
     </span>
    </p>
   </div>
   <div class='ocr_carea' id='block_1_5' title="bbox 199 1205 1844 1376">
    <p class='ocr_par' dir='ltr' id='par_1_5' title="bbox 199 1205 1844 1376">
     <span class='ocr_line' id='line_1_17' title="bbox 199 1205 1822 1250; baseline -0.002 -10"><span class='ocrx_word' id='word_1_109' title='bbox 199 1208 300 1240; x_wconf 88' lang='lat' dir='ltr'><strong>diuiso</strong></span> <span class='ocrx_word' id='word_1_110' title='bbox 322 1219 379 1250; x_wconf 86' lang='lat' dir='ltr'><strong>per</strong></span> <span class='ocrx_word' id='word_1_111' title='bbox 400 1209 474 1240; x_wconf 87' lang='grc'><strong>960.</strong></span> <span class='ocrx_word' id='word_1_112' title='bbox 497 1206 584 1249; x_wconf 90' lang='lat' dir='ltr'><strong>(quot</strong></span> <span class='ocrx_word' id='word_1_113' title='bbox 605 1208 712 1240; x_wconf 81' lang='lat' dir='ltr'><strong>uncias</strong></span> <span class='ocrx_word' id='word_1_114' title='bbox 735 1207 828 1240; x_wconf 90' lang='lat' dir='ltr'><strong>habet</strong></span> <span class='ocrx_word' id='word_1_115' title='bbox 849 1205 1009 1248; x_wconf 83' lang='lat' dir='ltr'><strong>amphora)</strong></span> <span class='ocrx_word' id='word_1_116' title='bbox 1032 1207 1084 1239; x_wconf 90' lang='lat' dir='ltr'><strong>fiet</strong></span> <span class='ocrx_word' id='word_1_117' title='bbox 1105 1216 1249 1238; x_wconf 89' lang='lat' dir='ltr'><strong>numerus</strong></span> <span class='ocrx_word' id='word_1_118' title='bbox 1287 1229 1556 1238; x_wconf 89' lang='grc'><strong>......</strong></span> <span class='ocrx_word' id='word_1_119' title='bbox 1646 1205 1822 1246; x_wconf 86' lang='lat'>1165,9158</span> 
     </span>
     <span class='ocr_line' id='line_1_18' title="bbox 199 1271 1353 1314; baseline -0.002 -10"><span class='ocrx_word' id='word_1_120' title='bbox 199 1273 282 1312; x_wconf 90' lang='lat' dir='ltr'><strong>quod</strong></span> <span class='ocrx_word' id='word_1_121' title='bbox 305 1277 353 1305; x_wconf 90' lang='lat' dir='ltr'><strong>est</strong></span> <span class='ocrx_word' id='word_1_122' title='bbox 373 1274 506 1314; x_wconf 88' lang='lat' dir='ltr'><strong>pretium</strong></span> <span class='ocrx_word' id='word_1_123' title='bbox 528 1273 638 1304; x_wconf 82' lang='lat' dir='ltr'><strong>unciae</strong></span> <span class='ocrx_word' id='word_1_124' title='bbox 661 1272 834 1304; x_wconf 83' lang='lat' dir='ltr'><strong>sestertium</strong></span> <span class='ocrx_word' id='word_1_125' title='bbox 857 1272 939 1303; x_wconf 91' lang='lat' dir='ltr'><strong>mille</strong></span> <span class='ocrx_word' id='word_1_126' title='bbox 963 1275 1083 1303; x_wconf 83' lang='lat' dir='ltr'><strong>eentum</strong></span> <span class='ocrx_word' id='word_1_127' title='bbox 1105 1271 1267 1311; x_wconf 75' lang='lat' dir='ltr'><strong>sexaginta</strong></span> <span class='ocrx_word' id='word_1_128' title='bbox 1289 1280 1353 1302; x_wconf 85' lang='lat' dir='ltr'><strong>sex.</strong></span> 
     </span>
     <span class='ocr_line' id='line_1_19' title="bbox 284 1334 1844 1376; baseline -0.002 -9"><span class='ocrx_word' id='word_1_129' title='bbox 284 1338 427 1369; x_wconf 90' lang='lat' dir='ltr'><strong>Potuitne</strong></span> <span class='ocrx_word' id='word_1_130' title='bbox 454 1338 532 1369; x_wconf 86' lang='lat' dir='ltr'><strong>forte</strong></span> <span class='ocrx_word' id='word_1_131' title='bbox 553 1337 671 1368; x_wconf 81' lang='lat' dir='ltr'><strong>Plinius</strong></span> <span class='ocrx_word' id='word_1_132' title='bbox 698 1336 843 1376; x_wconf 86' lang='lat' dir='ltr'><strong>seribere,</strong></span> <span class='ocrx_word' id='word_1_133' title='bbox 872 1336 933 1367; x_wconf 83' lang='lat' dir='ltr'><strong>iam</strong></span> <span class='ocrx_word' id='word_1_134' title='bbox 962 1335 1084 1366; x_wconf 78' lang='lat' dir='ltr'><strong>unciam</strong></span> <span class='ocrx_word' id='word_1_135' title='bbox 1110 1335 1175 1366; x_wconf 88' lang='lat' dir='ltr'><strong>uini</strong></span> <span class='ocrx_word' id='word_1_136' title='bbox 1197 1335 1300 1367; x_wconf 82' lang='lat' dir='ltr'><strong>decies</strong></span> <span class='ocrx_word' id='word_1_137' title='bbox 1322 1338 1440 1366; x_wconf 85' lang='lat' dir='ltr'><strong>tantum</strong></span> <span class='ocrx_word' id='word_1_138' title='bbox 1462 1334 1636 1366; x_wconf 73' lang='lat' dir='ltr'><strong>constitisse</strong></span> <span class='ocrx_word' id='word_1_139' title='bbox 1658 1344 1750 1374; x_wconf 86' lang='lat' dir='ltr'><strong>quam</strong></span> <span class='ocrx_word' id='word_1_140' title='bbox 1772 1334 1844 1365; x_wconf 91' lang='lat' dir='ltr'><strong>olim</strong></span> 
     </span>
    </p>
   </div>
   <div class='ocr_carea' id='block_1_6' title="bbox 199 1401 1845 1573">
    <p class='ocr_par' dir='ltr' id='par_1_6' title="bbox 199 1401 1845 1573">
     <span class='ocr_line' id='line_1_20' title="bbox 199 1401 402 1442; baseline 0 -9"><span class='ocrx_word' id='word_1_141' title='bbox 199 1401 402 1442; x_wconf 80' lang='lat' dir='ltr'><strong>amphoram?</strong></span> 
     </span>
     <span class='ocr_line' id='line_1_21' title="bbox 286 1462 1845 1504; baseline -0.002 -8"><span class='ocrx_word' id='word_1_142' title='bbox 286 1466 326 1496; x_wconf 92' lang='lat' dir='ltr'><strong>At</strong></span> <span class='ocrx_word' id='word_1_143' title='bbox 348 1465 430 1496; x_wconf 89' lang='lat' dir='ltr'><strong>enim</strong></span> <span class='ocrx_word' id='word_1_144' title='bbox 452 1464 642 1504; x_wconf 88' lang='lat' dir='ltr'><strong>logarithmis</strong></span> <span class='ocrx_word' id='word_1_145' title='bbox 657 1464 773 1495; x_wconf 87' lang='lat' dir='ltr'><strong>Plinius</strong></span> <span class='ocrx_word' id='word_1_146' title='bbox 788 1473 862 1494; x_wconf 90' lang='lat' dir='ltr'><strong>usus</strong></span> <span class='ocrx_word' id='word_1_147' title='bbox 876 1473 937 1494; x_wconf 88' lang='lat' dir='ltr'><strong>non</strong></span> <span class='ocrx_word' id='word_1_148' title='bbox 952 1467 1008 1495; x_wconf 88' lang='lat' dir='ltr'><strong>est.</strong></span> <span class='ocrx_word' id='word_1_149' title='bbox 1041 1463 1151 1494; x_wconf 84' lang='lat' dir='ltr'><strong>Audio.</strong></span> <span class='ocrx_word' id='word_1_150' title='bbox 1183 1463 1318 1494; x_wconf 75' lang='lat' dir='ltr'><strong>Putasne</strong></span> <span class='ocrx_word' id='word_1_151' title='bbox 1334 1472 1404 1494; x_wconf 86' lang='lat' dir='ltr'><strong>eum</strong></span> <span class='ocrx_word' id='word_1_152' title='bbox 1420 1465 1540 1494; x_wconf 82' lang='lat' dir='ltr'><strong>eentum</strong></span> <span class='ocrx_word' id='word_1_153' title='bbox 1554 1462 1623 1494; x_wconf 84' lang='lat' dir='ltr'><strong>illos</strong></span> <span class='ocrx_word' id='word_1_154' title='bbox 1638 1466 1669 1494; x_wconf 88' lang='lat' dir='ltr'><strong>et</strong></span> <span class='ocrx_word' id='word_1_155' title='bbox 1683 1462 1845 1502; x_wconf 76' lang='lat' dir='ltr'><strong>sexaginta</strong></span> 
     </span>
     <span class='ocr_line' id='line_1_22' title="bbox 199 1525 1352 1573; baseline -0.003 -12"><span class='ocrx_word' id='word_1_156' title='bbox 199 1538 296 1561; x_wconf 83' lang='lat' dir='ltr'><strong>annos</strong></span> <span class='ocrx_word' id='word_1_157' title='bbox 319 1528 435 1561; x_wconf 80' lang='lat' dir='ltr'><strong>calculo</strong></span> <span class='ocrx_word' id='word_1_158' title='bbox 457 1527 634 1568; x_wconf 83' lang='lat' dir='ltr'><strong>singillatim</strong></span> <span class='ocrx_word' id='word_1_159' title='bbox 656 1529 849 1568; x_wconf 77' lang='lat' dir='ltr'><strong>persecutum</strong></span> <span class='ocrx_word' id='word_1_160' title='bbox 872 1536 949 1567; x_wconf 87' lang='lat' dir='ltr'><strong>esse,</strong></span> <span class='ocrx_word' id='word_1_161' title='bbox 972 1526 1004 1558; x_wconf 93' lang='lat' dir='ltr'><strong>in</strong></span> <span class='ocrx_word' id='word_1_162' title='bbox 1026 1526 1106 1558; x_wconf 90' lang='lat' dir='ltr'><strong>huno</strong></span> <span class='ocrx_word' id='word_1_163' title='bbox 1128 1525 1191 1559; x_wconf 86' lang='lat' dir='ltr'><strong>fere</strong></span> <span class='ocrx_word' id='word_1_164' title='bbox 1213 1525 1352 1573; x_wconf 84' lang='lat' dir='ltr'><strong>modum:</strong></span> 
     </span>
    </p>
   </div>
   <div class='ocr_carea' id='block_1_7' title="bbox 609 1590 1415 1759">
    <p class='ocr_par' dir='ltr' id='par_1_7' title="bbox 609 1590 1415 1759">
     <span class='ocr_line' id='line_1_23' title="bbox 610 1590 1322 1624; baseline -0.001 -1"><span class='ocrx_word' id='word_1_165' title='bbox 610 1591 716 1623; x_wconf 90' lang='lat' dir='ltr'><strong>Annus</strong></span> <span class='ocrx_word' id='word_1_166' title='bbox 731 1591 755 1623; x_wconf 89' lang='grc' dir='ltr'><strong>Ι.</strong></span> <span class='ocrx_word' id='word_1_167' title='bbox 791 1590 874 1623; x_wconf 89' lang='lat' dir='ltr'>H-S.</span> <span class='ocrx_word' id='word_1_168' title='bbox 894 1591 955 1622; x_wconf 90' lang='lat'><strong>100</strong></span> <span class='ocrx_word' id='word_1_169' title='bbox 967 1596 1005 1624; x_wconf 77' lang='grc'><strong>-1-</strong></span> <span class='ocrx_word' id='word_1_170' title='bbox 1020 1591 1039 1622; x_wconf 89' lang='grc'><strong>6</strong></span> <span class='ocrx_word' id='word_1_171' title='bbox 1186 1602 1223 1617; x_wconf 90' lang='lat'>=</span> <span class='ocrx_word' id='word_1_172' title='bbox 1251 1590 1322 1622; x_wconf 81' lang='lat'>106.</span> 
     </span>
     <span class='ocr_line' id='line_1_24' title="bbox 609 1654 1374 1694; baseline -0.001 -8"><span class='ocrx_word' id='word_1_173' title='bbox 609 1656 716 1687; x_wconf 77' lang='lat' dir='ltr'><strong>Annus</strong></span> <span class='ocrx_word' id='word_1_174' title='bbox 731 1656 770 1686; x_wconf 91' lang='lat'><strong>11.</strong></span> <span class='ocrx_word' id='word_1_175' title='bbox 894 1656 954 1686; x_wconf 81' lang='lat'><strong>106</strong></span> <span class='ocrx_word' id='word_1_176' title='bbox 967 1661 994 1687; x_wconf 90' lang='lat'><strong>&gt;&lt;</strong></span> <span class='ocrx_word' id='word_1_177' title='bbox 1005 1656 1057 1691; x_wconf 39' lang='grc' dir='ltr'><strong>ἐμ</strong></span> <span class='ocrx_word' id='word_1_178' title='bbox 1186 1667 1224 1681; x_wconf 88' lang='lat'><strong><em>=</em></strong></span> <span class='ocrx_word' id='word_1_179' title='bbox 1251 1654 1374 1694; x_wconf 81' lang='lat'>112‚36.</span> 
     </span>
     <span class='ocr_line' id='line_1_25' title="bbox 610 1698 1415 1759; baseline -0.001 -8"><span class='ocrx_word' id='word_1_180' title='bbox 610 1698 716 1751; x_wconf 57' lang='lat' dir='ltr'><strong>Anxius</strong></span> <span class='ocrx_word' id='word_1_181' title='bbox 732 1721 786 1751; x_wconf 93' lang='lat'>111.</span> <span class='ocrx_word' id='word_1_182' title='bbox 896 1720 1008 1759; x_wconf 80' lang='lat'>112‚36</span> <span class='ocrx_word' id='word_1_183' title='bbox 1021 1725 1048 1752; x_wconf 88' lang='lat'><strong>&gt;&lt;</strong></span> <span class='ocrx_word' id='word_1_184' title='bbox 1058 1721 1112 1756; x_wconf 63' lang='lat'><strong>⁴1÷÷</strong></span> <span class='ocrx_word' id='word_1_185' title='bbox 1184 1731 1222 1745; x_wconf 94' lang='lat'>=</span> <span class='ocrx_word' id='word_1_186' title='bbox 1249 1719 1415 1758; x_wconf 86' lang='lat'>119,1016.</span> 
     </span>
    </p>
   </div>
   <div class='ocr_carea' id='block_1_8' title="bbox 196 1783 1845 2405">
    <p class='ocr_par' dir='ltr' id='par_1_8' title="bbox 199 1783 1844 1954">
     <span class='ocr_line' id='line_1_26' title="bbox 610 1783 1463 1824; baseline -0.001 -9"><span class='ocrx_word' id='word_1_187' title='bbox 610 1785 717 1816; x_wconf 80' lang='lat' dir='ltr'><strong>Annus</strong></span> <span class='ocrx_word' id='word_1_188' title='bbox 732 1784 783 1816; x_wconf 86' lang='lat' dir='ltr'><strong>IV.</strong></span> <span class='ocrx_word' id='word_1_189' title='bbox 896 1784 1051 1824; x_wconf 81' lang='lat'>119‚1016</span> <span class='ocrx_word' id='word_1_190' title='bbox 1064 1789 1091 1816; x_wconf 92' lang='lat'><strong>&gt;&lt;</strong></span> <span class='ocrx_word' id='word_1_191' title='bbox 1104 1784 1157 1820; x_wconf 62' lang='grc' dir='ltr'><strong>πι</strong></span> <span class='ocrx_word' id='word_1_192' title='bbox 1190 1795 1228 1810; x_wconf 93' lang='lat'><strong><em>=</em></strong></span> <span class='ocrx_word' id='word_1_193' title='bbox 1254 1783 1463 1823; x_wconf 81' lang='lat'>126‚247696.</span> 
     </span>
     <span class='ocr_line' id='line_1_27' title="bbox 199 1846 1844 1891; baseline -0.001 -10"><span class='ocrx_word' id='word_1_194' title='bbox 199 1853 230 1882; x_wconf 92' lang='lat' dir='ltr'><strong>et</strong></span> <span class='ocrx_word' id='word_1_195' title='bbox 252 1849 297 1881; x_wconf 86' lang='lat' dir='ltr'><strong>sio</strong></span> <span class='ocrx_word' id='word_1_196' title='bbox 319 1848 465 1891; x_wconf 80' lang='lat' dir='ltr'><strong>deinceps</strong></span> <span class='ocrx_word' id='word_1_197' title='bbox 487 1858 584 1889; x_wconf 86' lang='lat' dir='ltr'><strong>usque</strong></span> <span class='ocrx_word' id='word_1_198' title='bbox 606 1848 648 1880; x_wconf 83' lang='lat' dir='ltr'><strong>ad</strong></span> <span class='ocrx_word' id='word_1_199' title='bbox 669 1858 784 1880; x_wconf 89' lang='lat' dir='ltr'><strong>annum</strong></span> <span class='ocrx_word' id='word_1_200' title='bbox 799 1848 911 1880; x_wconf 60' lang='lat' dir='ltr'>OLXJ?</span> <span class='ocrx_word' id='word_1_201' title='bbox 939 1848 1058 1889; x_wconf 86' lang='lat' dir='ltr'><strong>Nempe</strong></span> <span class='ocrx_word' id='word_1_202' title='bbox 1079 1851 1160 1888; x_wconf 85' lang='lat' dir='ltr'><strong>tune,</strong></span> <span class='ocrx_word' id='word_1_203' title='bbox 1182 1847 1293 1888; x_wconf 85' lang='lat' dir='ltr'><strong>hercle,</strong></span> <span class='ocrx_word' id='word_1_204' title='bbox 1315 1856 1416 1887; x_wconf 83' lang='lat' dir='ltr'><strong>neque</strong></span> <span class='ocrx_word' id='word_1_205' title='bbox 1430 1846 1598 1879; x_wconf 88' lang='lat' dir='ltr'><strong>Vesuuium</strong></span> <span class='ocrx_word' id='word_1_206' title='bbox 1611 1856 1711 1887; x_wconf 88' lang='lat' dir='ltr'><strong>neque</strong></span> <span class='ocrx_word' id='word_1_207' title='bbox 1726 1846 1844 1879; x_wconf 82' lang='lat' dir='ltr'><strong>eineres</strong></span> 
     </span>
     <span class='ocr_line' id='line_1_28' title="bbox 199 1912 1165 1954; baseline -0.003 -9"><span class='ocrx_word' id='word_1_208' title='bbox 199 1917 419 1954; x_wconf 83' lang='lat' dir='ltr'><strong>exspectasset,</strong></span> <span class='ocrx_word' id='word_1_209' title='bbox 442 1913 498 1945; x_wconf 87' lang='lat' dir='ltr'><strong>sed</strong></span> <span class='ocrx_word' id='word_1_210' title='bbox 520 1913 605 1953; x_wconf 88' lang='lat' dir='ltr'><strong>prius</strong></span> <span class='ocrx_word' id='word_1_211' title='bbox 627 1913 730 1945; x_wconf 86' lang='lat' dir='ltr'><strong>taedio</strong></span> <span class='ocrx_word' id='word_1_212' title='bbox 753 1912 939 1952; x_wconf 85' lang='lat' dir='ltr'><strong>fastidioque</strong></span> <span class='ocrx_word' id='word_1_213' title='bbox 961 1912 1165 1943; x_wconf 75' lang='lat' dir='ltr'><strong>occubuisset!</strong></span> 
     </span>
    </p>

    <p class='ocr_par' dir='ltr' id='par_1_9' title="bbox 196 1975 1845 2276">
     <span class='ocr_line' id='line_1_29' title="bbox 285 1975 1844 2017; baseline -0.001 -8"><span class='ocrx_word' id='word_1_214' title='bbox 285 1977 459 2009; x_wconf 89' lang='lat' dir='ltr'><strong>Videndum</strong></span> <span class='ocrx_word' id='word_1_215' title='bbox 483 1977 583 2017; x_wconf 87' lang='lat' dir='ltr'><strong>igitur,</strong></span> <span class='ocrx_word' id='word_1_216' title='bbox 604 1987 644 2009; x_wconf 90' lang='lat' dir='ltr'><strong>ne</strong></span> <span class='ocrx_word' id='word_1_217' title='bbox 667 1977 707 2009; x_wconf 91' lang='lat' dir='ltr'><strong>sit</strong></span> <span class='ocrx_word' id='word_1_218' title='bbox 728 1977 790 2008; x_wconf 86' lang='lat' dir='ltr'><strong>alia</strong></span> <span class='ocrx_word' id='word_1_219' title='bbox 812 1976 965 2016; x_wconf 87' lang='lat' dir='ltr'><strong>quaedam</strong></span> <span class='ocrx_word' id='word_1_220' title='bbox 987 1975 1053 2016; x_wconf 80' lang='lat' dir='ltr'><strong>eius</strong></span> <span class='ocrx_word' id='word_1_221' title='bbox 1076 1975 1184 2007; x_wconf 85' lang='lat' dir='ltr'><strong>oalouli</strong></span> <span class='ocrx_word' id='word_1_222' title='bbox 1207 1975 1295 2015; x_wconf 83' lang='lat' dir='ltr'><strong>ratio,</strong></span> <span class='ocrx_word' id='word_1_223' title='bbox 1317 1985 1410 2015; x_wconf 89' lang='lat' dir='ltr'><strong>quam</strong></span> <span class='ocrx_word' id='word_1_224' title='bbox 1425 1975 1513 2015; x_wconf 88' lang='lat' dir='ltr'><strong>sequi</strong></span> <span class='ocrx_word' id='word_1_225' title='bbox 1526 1975 1667 2016; x_wconf 84' lang='lat' dir='ltr'><strong>potuerit,</strong></span> <span class='ocrx_word' id='word_1_226' title='bbox 1688 1975 1844 2016; x_wconf 80' lang='lat' dir='ltr'><strong>aliquanto</strong></span> 
     </span>
     <span class='ocr_line' id='line_1_30' title="bbox 197 2038 1844 2086; baseline -0.001 -12"><span class='ocrx_word' id='word_1_227' title='bbox 197 2042 299 2074; x_wconf 91' lang='lat' dir='ltr'><strong>minus</strong></span> <span class='ocrx_word' id='word_1_228' title='bbox 321 2044 433 2074; x_wconf 83' lang='lat' dir='ltr'><strong>exacta</strong></span> <span class='ocrx_word' id='word_1_229' title='bbox 454 2040 594 2086; x_wconf 55' lang='lat' dir='ltr'><strong>tortasse,</strong></span> <span class='ocrx_word' id='word_1_230' title='bbox 617 2040 674 2072; x_wconf 89' lang='lat' dir='ltr'><strong>sed</strong></span> <span class='ocrx_word' id='word_1_231' title='bbox 695 2040 817 2072; x_wconf 86' lang='lat' dir='ltr'><strong>breuior</strong></span> <span class='ocrx_word' id='word_1_232' title='bbox 831 2043 862 2072; x_wconf 91' lang='lat' dir='ltr'><strong>et</strong></span> <span class='ocrx_word' id='word_1_233' title='bbox 883 2049 963 2080; x_wconf 81' lang='lat' dir='ltr'><strong>quae</strong></span> <span class='ocrx_word' id='word_1_234' title='bbox 984 2039 1026 2071; x_wconf 89' lang='lat' dir='ltr'><strong>ad</strong></span> <span class='ocrx_word' id='word_1_235' title='bbox 1048 2038 1200 2071; x_wconf 87' lang='lat' dir='ltr'><strong>eiusmodi</strong></span> <span class='ocrx_word' id='word_1_236' title='bbox 1222 2039 1371 2071; x_wconf 75' lang='lat' dir='ltr'><strong>caleulum</strong></span> <span class='ocrx_word' id='word_1_237' title='bbox 1393 2038 1534 2071; x_wconf 77' lang='lat' dir='ltr'><strong>sufficere</strong></span> <span class='ocrx_word' id='word_1_238' title='bbox 1555 2039 1662 2081; x_wconf 78' lang='lat' dir='ltr'><strong>possit.</strong></span> <span class='ocrx_word' id='word_1_239' title='bbox 1695 2038 1762 2077; x_wconf 81' lang='lat' dir='ltr'><strong>Quo</strong></span> <span class='ocrx_word' id='word_1_240' title='bbox 1777 2039 1844 2072; x_wconf 79' lang='lat' dir='ltr'><strong>loeo</strong></span> 
     </span>
     <span class='ocr_line' id='line_1_31' title="bbox 197 2103 1845 2146; baseline -0.002 -7"><span class='ocrx_word' id='word_1_241' title='bbox 197 2107 273 2139; x_wconf 86' lang='lat' dir='ltr'><strong>satis</strong></span> <span class='ocrx_word' id='word_1_242' title='bbox 297 2106 457 2138; x_wconf 86' lang='lat' dir='ltr'><strong>eommode</strong></span> <span class='ocrx_word' id='word_1_243' title='bbox 478 2105 605 2145; x_wconf 86' lang='lat' dir='ltr'><strong>aeoidit,</strong></span> <span class='ocrx_word' id='word_1_244' title='bbox 628 2108 662 2136; x_wconf 89' lang='lat' dir='ltr'><strong>ut</strong></span> <span class='ocrx_word' id='word_1_245' title='bbox 684 2105 715 2136; x_wconf 92' lang='lat' dir='ltr'><strong>in</strong></span> <span class='ocrx_word' id='word_1_246' title='bbox 742 2104 901 2146; x_wconf 85' lang='lat' dir='ltr'><strong>proposita</strong></span> <span class='ocrx_word' id='word_1_247' title='bbox 922 2104 1146 2145; x_wconf 76' lang='lat' dir='ltr'><strong>computatione</strong></span> <span class='ocrx_word' id='word_1_248' title='bbox 1166 2113 1325 2136; x_wconf 88' lang='lat' dir='ltr'><strong>usurarum</strong></span> <span class='ocrx_word' id='word_1_249' title='bbox 1348 2104 1558 2136; x_wconf 87' lang='lat' dir='ltr'><strong>duodenorum</strong></span> <span class='ocrx_word' id='word_1_250' title='bbox 1579 2103 1675 2136; x_wconf 87' lang='lat' dir='ltr'><strong>ferme</strong></span> <span class='ocrx_word' id='word_1_251' title='bbox 1696 2114 1845 2136; x_wconf 89' lang='lat' dir='ltr'><strong>annorum</strong></span> 
     </span>
     <span class='ocr_line' id='line_1_32' title="bbox 197 2167 1845 2213; baseline -0.002 -9"><span class='ocrx_word' id='word_1_252' title='bbox 197 2170 298 2213; x_wconf 89' lang='lat' dir='ltr'><strong>spatio</strong></span> <span class='ocrx_word' id='word_1_253' title='bbox 321 2180 388 2203; x_wconf 89' lang='lat' dir='ltr'><strong>sors</strong></span> <span class='ocrx_word' id='word_1_254' title='bbox 411 2169 562 2212; x_wconf 88' lang='lat' dir='ltr'><strong>dupletur,</strong></span> <span class='ocrx_word' id='word_1_255' title='bbox 585 2168 701 2211; x_wconf 89' lang='lat' dir='ltr'><strong>quippe</strong></span> <span class='ocrx_word' id='word_1_256' title='bbox 722 2178 815 2201; x_wconf 88' lang='lat' dir='ltr'><strong>uerus</strong></span> <span class='ocrx_word' id='word_1_257' title='bbox 836 2178 980 2201; x_wconf 89' lang='lat' dir='ltr'><strong>numerus</strong></span> <span class='ocrx_word' id='word_1_258' title='bbox 1002 2167 1105 2200; x_wconf 89' lang='lat' dir='ltr'><strong>finitur</strong></span> <span class='ocrx_word' id='word_1_259' title='bbox 1125 2167 1167 2201; x_wconf 84' lang='lat' dir='ltr'><strong>ad</strong></span> <span class='ocrx_word' id='word_1_260' title='bbox 1182 2168 1294 2209; x_wconf 79' lang='lat'>2‚014.,</span> <span class='ocrx_word' id='word_1_261' title='bbox 1316 2171 1351 2201; x_wconf 92' lang='lat' dir='ltr'><strong>ut</strong></span> <span class='ocrx_word' id='word_1_262' title='bbox 1372 2168 1404 2200; x_wconf 93' lang='lat' dir='ltr'><strong>in</strong></span> <span class='ocrx_word' id='word_1_263' title='bbox 1426 2167 1520 2210; x_wconf 87' lang='lat' dir='ltr'><strong>duplo</strong></span> <span class='ocrx_word' id='word_1_264' title='bbox 1541 2168 1683 2210; x_wconf 90' lang='lat' dir='ltr'><strong>ponendo</strong></span> <span class='ocrx_word' id='word_1_265' title='bbox 1705 2171 1845 2209; x_wconf 89' lang='lat' dir='ltr'><strong>quatuor-</strong></span> 
     </span>
     <span class='ocr_line' id='line_1_33' title="bbox 196 2219 1792 2276; baseline -0.003 -7"><span class='ocrx_word' id='word_1_266' title='bbox 196 2235 297 2269; x_wconf 86' lang='lat' dir='ltr'><strong>deeim</strong></span> <span class='ocrx_word' id='word_1_267' title='bbox 318 2239 437 2269; x_wconf 85' lang='lat' dir='ltr'><strong>tantum</strong></span> <span class='ocrx_word' id='word_1_268' title='bbox 459 2233 641 2267; x_wconf 87' lang='lat' dir='ltr'><strong>millesimae</strong></span> <span class='ocrx_word' id='word_1_269' title='bbox 663 2233 854 2267; x_wconf 70' lang='lat' dir='ltr'><strong>amiciantur.</strong></span> <span class='ocrx_word' id='word_1_270' title='bbox 888 2233 919 2265; x_wconf 88' lang='lat' dir='ltr'><strong>Is</strong></span> <span class='ocrx_word' id='word_1_271' title='bbox 942 2236 1044 2266; x_wconf 84' lang='lat' dir='ltr'><strong>antem</strong></span> <span class='ocrx_word' id='word_1_272' title='bbox 1065 2232 1199 2266; x_wconf 75' lang='lat' dir='ltr'><strong>calculus</strong></span> <span class='ocrx_word' id='word_1_273' title='bbox 1222 2233 1267 2266; x_wconf 86' lang='lat' dir='ltr'><strong>sio</strong></span> <span class='ocrx_word' id='word_1_274' title='bbox 1288 2232 1442 2276; x_wconf 86' lang='lat' dir='ltr'><strong>prooedit:</strong></span> <span class='ocrx_word' id='word_1_275' title='bbox 1785 2219 1792 2224; x_wconf 47' lang='lat'><strong>⁴</strong></span> 
     </span>
    </p>

    <p class='ocr_par' dir='ltr' id='par_1_10' title="bbox 402 2298 1639 2405">
     <span class='ocr_line' id='line_1_34' title="bbox 402 2298 1639 2331; baseline -0.002 0"><span class='ocrx_word' id='word_1_276' title='bbox 402 2299 501 2331; x_wconf 90' lang='lat' dir='ltr'><strong>Annis</strong></span> <span class='ocrx_word' id='word_1_277' title='bbox 526 2299 575 2330; x_wconf 83' lang='lat'><strong>12.</strong></span> <span class='ocrx_word' id='word_1_278' title='bbox 591 2298 725 2331; x_wconf 86' lang='lat' dir='ltr'><strong>sestertii</strong></span> <span class='ocrx_word' id='word_1_279' title='bbox 750 2299 812 2329; x_wconf 88' lang='lat'><strong>100</strong></span> <span class='ocrx_word' id='word_1_280' title='bbox 826 2298 901 2329; x_wconf 89' lang='lat' dir='ltr'><strong>fiunt</strong></span> <span class='ocrx_word' id='word_1_281' title='bbox 938 2321 1521 2329; x_wconf 88' lang='lat'><strong>............</strong></span> <span class='ocrx_word' id='word_1_282' title='bbox 1566 2298 1639 2329; x_wconf 81' lang='lat'><strong>200.</strong></span> 
     </span>
     <span class='ocr_line' id='line_1_35' title="bbox 446 2363 1639 2405; baseline -0.001 -11"><span class='ocrx_word' id='word_1_283' title='bbox 446 2387 461 2405; x_wconf 86' lang='lat'>„</span> <span class='ocrx_word' id='word_1_284' title='bbox 526 2364 568 2395; x_wconf 80' lang='lat'><strong>24</strong></span> <span class='ocrx_word' id='word_1_285' title='bbox 570 2385 1522 2394; x_wconf 91' lang='grc'><strong>...................</strong></span> <span class='ocrx_word' id='word_1_286' title='bbox 1565 2363 1639 2393; x_wconf 84' lang='grc'><strong>400.</strong></span> 
     </span>
    </p>
   </div>
  </div>
 </body>
</html>
