2020 2823
202 852 300 911 Lego
314 869 398 911 apud
412 869 543 901 Plinium
558 869 589 900 in
604 869 758 901 Naturalis
774 869 919 901 historiae
936 869 1012 901 libro
1027 869 1101 900 XIV
1103 893 1118 909 .‚
1142 870 1242 911 capite
1257 870 1286 900 4.
1308 872 1378 910 post
1394 879 1439 908 ea,
1463 878 1542 909 quae
1558 869 1597 900 de
1613 869 1721 899 uitium
1737 873 1846 900 natura

202 938 233 966 et
253 934 428 974 generibus,
456 937 521 964 tum
542 934 581 964 de
603 934 743 964 uiuorum
765 934 980 972 antiquissima
1002 934 1139 964 claritate
1160 934 1297 965 Maronei
1319 938 1350 964 et
1372 934 1520 972 Pramnii,
1551 934 1589 964 ab
1613 934 1746 964 Homero
1770 934 1846 965 cele—

202 999 370 1037 bratorum,
392 997 527 1037 tradidit,
550 998 695 1038 deinceps
717 998 843 1028 haecce:

305 1076 340 1110 In
368 1075 507 1122 reliquis
534 1074 669 1109 claritas
691 1075 807 1121 generi
833 1086 901 1109 non
919 1074 983 1109 fuit
1008 1074 1123 1116 alicui,
1151 1086 1239 1109 anno
1257 1075 1320 1109 fuit
1339 1075 1489 1109 omnium
1516 1086 1679 1121 generum
1708 1075 1846 1110 bonitas

202 1144 237 1180 L.
257 1143 390 1191 Opimio
417 1142 573 1185 consule,
600 1154 676 1178 cum
705 1142 740 1179 C.
760 1142 931 1178 Gracchus
964 1142 1122 1178 tribunus
1153 1142 1287 1190 plebem
1320 1142 1543 1177 seditionibus
1575 1143 1709 1190 agitans
1744 1143 1845 1178 inter-

205 1218 356 1259 emptus;
395 1223 435 1247 ea
471 1211 555 1247 caeli
589 1211 771 1259 temperies
806 1210 918 1254 fulsit,
957 1217 1130 1247 cocturam
1167 1217 1308 1254 uocant,
1350 1210 1431 1247 solis
1468 1222 1571 1258 opere
1607 1211 1711 1247 natali
1748 1212 1844 1248 urbis

201 1277 442 1324 DCXXX111¹).
483 1280 682 1327 Durantque
708 1279 819 1315 adhuc
846 1280 927 1314 uina
953 1279 1107 1315 ducentis
1134 1279 1205 1314 fere
1231 1280 1344 1321 annis,
1371 1280 1438 1314 iam
1468 1280 1501 1314 in
1529 1280 1676 1327 speciem
1705 1280 1845 1316 redacta

202 1348 311 1384 mellis
346 1348 476 1395 asperi,
512 1349 635 1384 etenim
668 1348 753 1384 haec
789 1354 912 1383 natura
947 1349 1034 1384 uinis
1067 1348 1100 1383 in
1134 1354 1304 1383 uetustate
1336 1344 1435 1392 est²),
1469 1360 1531 1383 nec
1561 1340 1674 1395 potari
1709 1361 1772 1396 per
1806 1361 1844 1385 se

202 1418 367 1464 queunt¹¹)
394 1416 622 1463 peruinciue⁶)
650 1412 780 1463 aqua⁸),
807 1428 918 1463 usque
944 1417 977 1452 in
1005 1416 1265 1452 amaritudinem
1292 1417 1381 1451 carie
1402 1416 1574 1459 indomita,
1602 1417 1693 1460 sedv)
1722 1419 1842 1454 ceteris

201 1486 289 1521 uinis
308 1484 587 1520 commendandis
606 1485 756 1520 minuma
774 1484 889 1532 aliqua
907 1484 1056 1520 mixtura
1073 1484 1320 1521 medicamenta
1338 1491 1425 1520 sunt.
1460 1483 1592 1531 Quodd)
1612 1492 1649 1521 ut
1667 1486 1739 1522 eius
1758 1492 1842 1522 tem-

199 1554 294 1601 poris
320 1554 568 1590 aestumatione
586 1554 620 1589 in
639 1553 789 1601 singulas
808 1553 992 1601 amphoras
1012 1554 1141 1589 centeni
1161 1554 1289 1588 nummi
1307 1559 1510 1595 statuantur,
1538 1553 1649 1589 decies
1667 1560 1800 1590 tantum
1808 1556 1841 1598 ε),

201 1634 308 1658 usura
333 1622 555 1669 multiplicata
581 1622 800 1665 semissibus,
835 1634 924 1669 quae
949 1621 1055 1658 ciuilis
1082 1634 1123 1657 ac
1147 1622 1282 1657 modica
1306 1619 1404 1666 θεῖ’),
1431 1623 1463 1657 in
1489 1623 1550 1658 Gai
1577 1622 1734 1659 Caesaris
1759 1624 1841 1660 Ger-

199 1690 323 1725 manici
339 1689 386 1725 fili
410 1690 609 1737 principatu,
628 1690 758 1733 anniss)
773 1689 868 1726 CLX.
883 1689 1035 1737 singulas
1057 1690 1174 1725 uncias
1193 1690 1296 1734 uinis)
1317 1687 1538 1734 constitisse⁵)
1557 1690 1662 1726 nobili
1680 1691 1841 1739 exemplo

199 1825 303 1862 dedit.
336 1827 484 1862 Tantum
510 1826 731 1872 pecuniarum
756 1825 905 1861 detinent
932 1825 1001 1861 uini
1028 1824 1224 1873 apothecae,
1250 1837 1312 1861 nec
1339 1825 1405 1862 alia
1431 1837 1485 1861 res
1513 1826 1624 1862 maius
1652 1827 1839 1863 incremen-

199 1900 271 1929 tum
298 1894 401 1930 sentit
426 1893 470 1930 ad
498 1894 694 1930 uicesimum
722 1905 858 1936 annum,
885 1894 1039 1929 maiusue
1067 1893 1112 1929 ab
1131 1905 1172 1929 eo
1192 1893 1416 1941 dispendium,
1442 1905 1511 1929 non
1538 1894 1737 1942 proficiente
1763 1907 1839 1943 pre-

293 2014 314 2044 ·)
340 2012 375 2037 al.
392 2014 500 2045 queant.
525 2012 591 2037 Inde
608 2011 725 2038 Urlichs:
744 2021 774 2037 ne
790 2012 877 2044 potari
894 2019 942 2044 per
959 2019 988 2038 se
1005 2014 1113 2044 queant.
1132 2026 1163 2029 —
1184 2011 1258 2037 Idem
1275 2011 1364 2043 paullo
1382 2012 1504 2044 superius
1521 2015 1582 2044 post
1600 2020 1660 2038 uoc.
1680 2017 1838 2046 interemptus

198 2064 313 2090 coniecit
329 2063 459 2093 excidisse
478 2068 519 2089 est.

293 2115 314 2148 ι)
341 2115 424 2141 codd.
440 2118 593 2149 prouinciae,
610 2114 645 2140 al.
664 2134 670 2140 .
682 2134 688 2140 .
699 2134 723 2141 ..
741 2119 835 2141 unciae.
861 2114 929 2141 Edd.
947 2113 981 2141 de
992 2113 1108 2140 Barnabi
1126 2113 1290 2140 coniectura:
1308 2117 1331 2140 ει·
1348 2122 1396 2139 non
1411 2118 1549 2148 peruincat.
1576 2114 1681 2141 Urlichs
1699 2117 1730 2141 ut
1747 2123 1836 2149 supra.

292 2169 313 2199 ’)
340 2166 430 2199 Sillig:
450 2165 588 2192 indomita..
615 2165 667 2192 Sed

292 2218 314 2252 ‘)
340 2218 375 2245 al.
392 2227 447 2253 quo.
472 2216 563 2251 Sillig:
580 2220 650 2249 emm·
668 2226 724 2252 quo,
740 2220 775 2243 ut.
800 2215 906 2243 Urlichs
922 2219 953 2242 ut
970 2223 1058 2249 supra.

294 2274 313 2301 ¹)
339 2269 422 2296 Codd.
440 2271 467 2295 et
484 2269 552 2294 Edd.
570 2276 674 2294 omnes:
693 2278 721 2294 ex
738 2269 778 2294 hie
795 2272 876 2294 tamen
892 2275 940 2300 pro
958 2269 1036 2293 decies
1054 2271 1154 2293 tantum.

293 2322 316 2352 Ι)
342 2321 493 2346 Pintianus:
516 2321 590 2352 Lego
607 2325 718 2350 nummio,
736 2328 790 2345 non
808 2324 887 2346 mnia.

291 2374 313 2405 ¹)
338 2372 373 2399 al.
390 2376 444 2398 uini
462 2382 497 2403 ex,
515 2375 608 2402 uineae,
626 2375 680 2397 uini
697 2371 762 2397 binis
779 2380 809 2398 ac
825 2374 924 2397 nicenis.
951 2368 1039 2404 Sillig:
1056 2368 1117 2396 Vox
1134 2372 1187 2395 uini
1205 2370 1329 2403 corrupta
1346 2368 1411 2396 mihi
1422 2369 1536 2404 uidetur,
1555 2372 1614 2398 orta
1631 2370 1677 2398 illa
1692 2379 1726 2398 ex
1738 2371 1839 2399 indicio

196 2423 284 2458 pretii,
302 2431 356 2458 quo
373 2423 494 2458 singulae
511 2422 605 2450 unciae
622 2421 788 2455 constabant,
806 2421 879 2455 quod
896 2428 949 2448 non
966 2421 1165 2448 commemorari
1183 2421 1293 2447 mireris.

1581 2476 1597 2500 2
