2020 2823
1002 179 1025 216 7

194 295 273 325 quae
296 285 478 324 coniectura,
500 284 579 316 sicut
599 295 620 316 a
640 295 674 316 re
695 288 727 316 et
748 284 899 316 sententia
914 288 996 316 stare
1010 293 1072 314 non
1086 286 1196 324 potest,
1219 283 1262 314 ita
1282 293 1321 314 ne
1336 293 1356 314 a
1370 283 1531 314 uerborum
1546 283 1669 321 quidem
1685 288 1834 315 structura

194 348 435 388 commendatur,
463 358 535 378 nam
558 359 594 378 ex
615 348 661 379 his
681 346 760 388 (scil.
781 348 917 379 centenis
939 344 1086 387 nummis)
1109 369 1116 377 .
1128 369 1136 377 .
1149 370 1156 377 .
1180 358 1214 377 eo
1242 344 1320 386 (scil.
1340 346 1477 377 centenis
1497 345 1642 386 nummis)
1664 349 1832 384 constitisse,

194 412 263 452 quis
284 412 400 444 tulerit!

279 476 369 514 Quod
389 480 491 509 autem
505 477 664 509 Pintianus
685 486 792 509 uocem
815 477 903 508 ann-’e
916 476 948 507 in
962 477 1090 508 numia
1103 476 1241 516 mutauit,
1264 475 1297 507 id
1317 479 1431 508 temere
1446 475 1539 516 plane
1554 474 1667 506 factum
1683 475 1834 506 existimo.

193 540 315 583 Quippe
337 550 414 583 opus
435 541 480 572 illi
501 541 559 573 fuit
579 541 697 573 numeri
718 541 852 582 quodam
872 541 975 581 uerbo,
997 550 1057 581 quo
1078 541 1210 582 pretium
1232 540 1432 581 indicaretur,
1455 550 1516 572 non
1534 540 1758 580 animaduertit,
1781 540 1833 571 uix

193 605 294 637 minus
316 615 386 637 esse
400 606 607 637 necessarium
621 606 681 637 sibi
694 614 843 636 annorum
857 614 1025 645 numerum,
1047 605 1086 636 de
1101 605 1225 636 calculis
1243 605 1319 636 nihil
1333 604 1555 644 considerauit3
1579 613 1652 644 ergo
1667 604 1834 636 consultius

193 670 269 700 nihil
290 670 321 701 ei
342 670 407 708 fuit,
429 679 521 708 quam
541 674 575 700 ut
596 679 744 700 annorum
765 679 872 699 uerum
893 678 1052 699 numerum
1073 673 1259 709 permutaret
1281 679 1350 700 cum
1371 679 1563 699 nummorum
1586 668 1762 699 falsissimo.

278 734 455 765 Harduinus
482 734 614 773 denique
642 733 834 765 coniecturae
860 733 1027 773 periculum
1055 744 1115 764 non
1142 734 1226 772 fecit,
1255 735 1330 765 satis
1357 734 1465 765 habuit
1492 734 1693 764 fundamenta
1715 734 1833 771 iecisse,

194 808 269 830 sane
289 797 505 830 infirmissima.

279 862 342 894 Sed
363 871 432 894 cum
453 861 586 903 simplici
607 861 661 893 illa
681 871 788 901 usura,
817 871 896 901 quae
917 865 1033 893 remoto
1054 862 1241 893 anatocismo
1264 866 1468 903 computatur,
1496 862 1528 893 in
1550 861 1744 893 emendando
1767 862 1833 892 loco

192 930 296 958 nostro
323 930 447 968 propter
468 926 576 957 calculi
603 926 701 957 dictos
726 936 843 958 errores
865 926 941 957 nihil
962 926 1063 957 adhuc
1083 927 1316 967 profecerimus,
1345 927 1506 959 uideamus
1528 927 1667 966 tandem,
1695 926 1771 966 quid
1792 927 1832 957 ad

194 991 375 1022 sententiam
401 991 455 1022 illa
480 991 557 1022 ratio
585 991 710 1022 remotis
737 990 887 1022 eiusmodi
913 991 1063 1023 erroribus
1092 992 1202 1023 ualeat.
1245 992 1367 1024 Etenim
1395 1000 1595 1032 quaecunque
1618 995 1666 1023 est
1687 991 1719 1022 in
1741 991 1833 1022 Plinii

192 1056 418 1086 narratiuncula
439 1056 618 1095 obscuritas,
639 1056 714 1086 illud
735 1059 816 1087 certe
837 1056 906 1096 plus
929 1065 1020 1095 quam
1041 1057 1236 1096 perspicuum
1259 1060 1313 1095 est,
1340 1057 1420 1087 uelle
1442 1066 1512 1087 eum
1534 1056 1639 1095 magni
1661 1056 1779 1095 aliquid
1803 1060 1833 1086 et

193 1119 325 1161 speciosi
351 1119 480 1161 ipsaque
502 1118 712 1160 magnitudine
739 1119 873 1160 uenusti,
903 1120 1069 1160 quinetiam
1090 1120 1208 1152 numeri
1229 1120 1270 1152 ad
1292 1131 1451 1152 numerum
1472 1120 1669 1161 proportione
1691 1120 1831 1152 concinni

193 1183 377 1225 iucundique
399 1183 431 1216 in
453 1183 587 1217 medium
608 1183 756 1226 proferre3
779 1185 868 1225 quale
889 1195 958 1217 cum
979 1188 1031 1217 tuo
1053 1184 1117 1217 iure
1133 1185 1369 1226 exspectaueris,
1392 1189 1456 1217 tum
1473 1185 1523 1217 ille
1538 1189 1569 1217 te
1584 1184 1721 1224 edoceat,
1744 1184 1831 1216 cuius

193 1248 257 1280 uini
271 1248 419 1290 amphora
433 1248 505 1280 olim
519 1248 616 1290 pretio
631 1247 722 1281 fuerit
735 1251 855 1281 eentum
869 1248 1050 1290 sestertium,
1070 1248 1136 1281 eius
1155 1252 1226 1290 post
1240 1252 1360 1281 centum
1375 1252 1406 1281 et
1420 1249 1580 1290 sexaginta
1595 1259 1693 1281 annos
1707 1249 1831 1281 unciam

193 1314 332 1346 sestertio
353 1324 413 1346 uno
436 1317 466 1345 et
482 1316 517 1351 γ’,
538 1314 718 1354 constitisse,
740 1314 814 1354 quid
835 1318 935 1355 potest
956 1324 1025 1346 esse
1047 1314 1187 1354 ieiunius,
1209 1314 1283 1354 quid
1305 1314 1445 1355 frigidius
1468 1324 1505 1346 ac
1526 1324 1625 1355 paene
1648 1314 1797 1355 ineptius!

278 1379 326 1409 Ex
348 1388 407 1418 quo
429 1378 565 1418 efficitur,
586 1382 620 1409 ut
640 1378 839 1410 reiieiendum
859 1379 951 1420 plane
965 1382 1057 1419 atque
1071 1388 1091 1410 a
1103 1379 1252 1419 propositi
1274 1379 1333 1410 loci
1347 1379 1594 1420 interpretatione
1609 1378 1830 1410 semouendum

193 1443 323 1484 simplex
344 1443 419 1474 illud
441 1443 557 1483 foenus,
579 1443 661 1482 quod
683 1443 750 1475 sine
771 1444 958 1475 anatocismo
979 1444 1021 1483 fit,
1044 1444 1230 1484 existimem3
1258 1444 1333 1491 illud
1355 1445 1452 1474 obiter
1473 1448 1591 1475 tantum
1613 1445 1752 1483 monebo,
1776 1454 1829 1475 eos

192 1518 293 1540 errare
314 1508 390 1539 mihi
410 1508 517 1547 uideri,
540 1508 593 1547 qui
607 1508 770 1548 Gronouio‚
791 1508 921 1539 Noodtio
936 1509 1127 1547 Ernestoque
1149 1509 1322 1539 auctoribus
1345 1508 1478 1548 credant,
1500 1508 1558 1539 hoc
1579 1508 1713 1539 foenoris
1731 1517 1829 1548 genus

191 1572 275 1614 apud
289 1573 442 1604 Romanos
459 1574 600 1615 perpetui
621 1575 702 1604 certo
723 1572 818 1604 ueluti
839 1572 961 1604 nomine
983 1572 1131 1614 appellari
1154 1573 1275 1604 solitum
1298 1583 1380 1613 esse3
1402 1583 1473 1604 nam
1489 1583 1557 1604 cum
1580 1582 1681 1613 pauca
1694 1572 1748 1604 illa
1762 1573 1830 1604 loca

192 1635 281 1678 (Cic.
301 1636 343 1669 ad
361 1636 422 1668 Att.
432 1636 468 1677 V,
484 1637 538 1677 21,
556 1636 605 1668 13.
627 1636 682 1678 VI,
698 1637 733 1677 2,
752 1634 802 1678 7.),
824 1637 877 1669 ubi
902 1638 1041 1679 perpetui
1061 1637 1201 1679 foenoris
1221 1637 1334 1670 mentio
1356 1637 1497 1677 occurrit,
1525 1636 1699 1677 considero,
1727 1637 1829 1678 magis

190 1704 303 1743 putem,
325 1701 545 1733 anatocismum
566 1701 791 1742 grauissimum,
812 1701 956 1733 uidelicet
976 1704 1178 1742 menstruum,
1204 1701 1257 1734 illa
1278 1711 1353 1734 uoce
1375 1701 1576 1734 demonstrari
1598 1704 1690 1742 atque
1712 1701 1830 1742 leniori,

192 1767 244 1806 qui
265 1767 358 1798 etiam
373 1766 470 1797 Plinio
491 1769 594 1797 nostro
616 1766 795 1797 obuersatus
818 1769 872 1805 est,
894 1766 952 1797 hoc
974 1765 1021 1797 es't
1042 1766 1259 1806 anniuersario,
1282 1766 1404 1807 opponi,
1427 1775 1519 1806 quam
1541 1766 1773 1806 anatocismum,
1798 1769 1829 1797 ut

192 1830 236 1861 illi
256 1833 373 1871 putant,
394 1830 517 1861 omnino
538 1830 653 1869 negari.

276 1894 378 1926 Unum
405 1898 544 1934 superest
564 1894 675 1933 Silligii
701 1894 846 1924 iudicium
873 1893 963 1932 quod*
982 1894 1200 1924 examinemus.
1245 1893 1304 1929 Qui
1326 1904 1395 1924 cum
1417 1894 1459 1924 ad
1480 1894 1633 1924 Harduini
1655 1894 1829 1934 exemplum

191 1959 365 1990 coniectura
388 1958 536 1989 uocabulo
558 1961 703 1998 concepta
725 1961 813 1988 caute
835 1968 869 1989 se
890 1957 1048 1996 abstinuit,
1076 1959 1205 1998 pretium
1226 1958 1335 1988 unciae
1358 1958 1546 1988 desiderauit
1566 1967 1735 1997 uocemque
1757 1960 1829 1988 uino

191 2023 412 2055 demonstrauit
432 2026 587 2062 tamquam
602 2025 774 2063 corruptam
788 2033 827 2054 ex
844 2033 883 2053 ea
896 2032 980 2062 uoce,
1002 2032 1081 2062 quae
1095 2023 1225 2063 pretium
1240 2023 1314 2053 illud
1329 2023 1505 2053 indicasset.
1533 2023 1596 2053 Nec
1611 2032 1660 2053 me
1675 2023 1829 2063 praeterit,

191 2089 346 2119 uariantes
375 2088 513 2118 codicum
539 2087 685 2118 lectiones
712 2088 754 2118 ad
780 2088 864 2118 illam
893 2088 1085 2128 potissimum
1111 2097 1217 2118 uocem
1245 2087 1396 2127 exhiberi,
1424 2087 1507 2127 quod
1534 2087 1700 2127 aliquando
1727 2091 1830 2128 potest

191 2153 391 2193 corruptionis
418 2153 564 2183 indicium
590 2162 668 2183 esse.
711 2152 926 2182 Verumtamen
952 2153 1067 2182 nullam
1093 2161 1217 2192 prorsus
1245 2152 1298 2182 illa
1324 2161 1385 2182 uox
1407 2153 1473 2182 uini
1493 2162 1549 2192 per
1571 2162 1605 2182 se
1627 2152 1828 2182 offensionem

190 2217 295 2257 habet,
324 2227 393 2248 cum
414 2217 594 2257 praesertim
616 2217 648 2247 in
669 2216 741 2247 uino
763 2216 853 2247 uncia
873 2226 1034 2247 mensurae
1055 2217 1155 2247 minus
1177 2216 1319 2255 frequens
1342 2216 1452 2247 modus
1473 2217 1527 2256 sit,
1554 2220 1588 2247 ut
1609 2226 1648 2247 ne
1671 2216 1827 2257 superflua

190 2280 315 2321 quidem
340 2280 402 2312 dici
429 2280 530 2321 possit
555 2280 695 2312 adiectio.
738 2280 859 2311 Deinde
880 2280 1031 2311 communi
1053 2280 1185 2319 quodam
1206 2280 1301 2310 animi
1322 2267 1423 2311 errore
1445 2284 1476 2311 et
1497 2280 1614 2311 librarii
1636 2284 1666 2311 et
1689 2281 1741 2320 qui
1763 2284 1828 2311 tum

190 2345 312 2378 fuerunt
333 2345 429 2377 critici
450 2348 481 2376 et
501 2345 570 2385 ipse
592 2345 729 2384 Silligius
751 2345 831 2385 lapsi
853 2355 922 2376 esse
944 2345 1092 2383 uidentur,
1115 2348 1149 2375 ut
1170 2345 1201 2374 in
1222 2345 1352 2376 lectione
1375 2345 1560 2384 sententiae,
1583 2342 1662 2384 quae
1685 2355 1704 2376 a
1726 2346 1829 2376 uerbis

186 2410 282 2449 Quod
305 2415 339 2441 ut
365 2410 427 2441 eius
451 2410 592 2450 temporis
612 2409 734 2449 incipit,
761 2419 830 2441 cum
852 2409 893 2441 ad
913 2409 1004 2440 finem
1026 2418 1122 2447 usque
1144 2412 1175 2439 et
1196 2408 1237 2440 ad
1259 2409 1385 2440 uerbum
1408 2407 1593 2449 (constitisse)
1616 2410 1829 2450 peruenissent
