2020 2823
996 163 1021 200 2

177 267 242 309 tio;
269 278 350 302 raro
369 268 498 315 quippe
525 267 638 303 adhuc
663 268 769 310 fuere,
794 280 856 304 nec
883 269 945 303 nisi
973 269 1006 303 in
1034 274 1208 316 nepetam,
1233 267 1376 315 singulis
1404 267 1500 303 testis
1528 266 1619 302 milia
1645 278 1829 303 nummum.

177 335 392 371 Viennenses
419 336 485 371 soli
510 337 625 383 picata
651 348 730 379 sua,
758 348 907 384 quorum
933 348 1060 384 genera
1087 336 1251 378 diximus,
1278 336 1385 383 pluris
1412 342 1623 383 permutare,
1655 335 1716 372 sed
1742 336 1831 372 inter

178 413 255 438 sese
282 415 401 439 amore
428 405 557 451 patrio,
585 404 786 446 creduntur;
818 405 923 452 idque
950 405 1066 440 uinum
1098 403 1255 451 frigidius
1282 404 1423 450 reliquis
1456 404 1684 439 existumatur
1709 404 1742 438 in
1769 404 1829 439 fri-

177 471 260 518 gido
288 478 383 519 potu.

276 550 298 587 ¹)
323 550 477 578 Martial.
496 550 518 587 1,
533 551 580 578 27.
600 551 637 588 11,
650 552 698 579 40.
718 551 769 588 111,
784 552 831 579 26.
850 568 890 573 -
909 551 1031 579 Vellei.
1052 551 1125 579 Pat.
1139 550 1175 588 H,
1190 551 1217 579 7.
1250 549 1306 578 Hic
1326 550 1371 578 est
1390 548 1531 586 Opimius,
1554 558 1573 578 a
1592 557 1649 585 quo
1669 548 1734 578 Cos.
1755 550 1828 579 cele-

177 601 332 630 berrimum
352 602 413 630 uini
433 601 579 638 Opimiani
599 610 716 631 nomen:
741 602 818 639 quod
838 603 895 631 iam
915 603 1023 631 nullum
1043 611 1119 639 esse,
1140 601 1232 638 spatio
1252 609 1391 630 annorum
1412 600 1508 638 colligi
1527 602 1630 638 potest,
1651 608 1715 629 cum
1735 601 1773 629 ab
1793 609 1828 630 eo

176 653 235 681 sint
255 655 285 681 at
304 655 343 690 te,
363 654 401 681 M.
412 653 508 681 Vinici
528 653 604 691 Cos„
624 654 693 682 anni
706 653 778 683 CLI.
792 671 832 676 —
851 654 921 683 Cic.
940 655 1020 683 Brut.
1039 655 1086 683 83.
1116 654 1155 683 Ut
1174 653 1199 682 si
1219 653 1283 690 quis
1302 653 1426 684 Falerno
1445 652 1514 681 uino
1535 652 1701 690 delectetur,
1721 652 1773 682 sed
1792 661 1827 682 eo

176 712 229 732 nec
249 704 290 732 ita
309 712 394 742 nouo,
414 706 447 733 ut
465 704 604 741 proximis
623 705 788 734 consulibus
808 706 906 734 natum
926 706 995 734 uelit
1001 726 1010 743 ,
1030 713 1083 734 nec
1102 713 1200 734 rursus
1220 705 1262 733 ita
1280 705 1386 742 uetere,
1405 705 1438 732 ut
1458 703 1602 741 Opimium
1621 706 1672 733 aut
1690 703 1826 733 Anicium
1846 740 1850 744 ⁵

177 755 215 793 (a.
228 763 256 783 u.
268 755 347 793 594.)
369 756 515 784 consulem
534 758 663 794 quaerat,
683 757 784 785 rel.—
803 757 941 785 Petron.
956 757 1015 785 Sat.
1030 758 1067 785 34
1088 777 1095 785 .
1107 777 1114 784 .
1127 777 1134 784 .
1155 757 1259 785 allatae
1279 757 1346 784 sunt
1371 755 1525 792 amphorae
1545 755 1655 783 uitreas
1674 755 1828 792 diligenter

175 808 324 844 gypsatae,
345 815 465 843 quarum
484 807 516 835 in
536 808 697 837 ceruicibus
715 808 836 845 pittacia
855 811 937 837 erant
956 808 1043 836 affixa
1063 816 1126 837 cum
1139 807 1193 836 hoc
1207 808 1303 836 titulo:
1323 807 1477 836 Falernum
1490 805 1672 843 Opimianum
1685 815 1826 837 annorum

176 860 298 886 centum.
338 859 414 886 Dum
434 859 533 887 titulos
552 860 739 896 perlegimus,
764 860 916 896 complosit
933 859 1109 888 Trimalchio
1128 867 1243 896 manus,
1263 861 1293 887 et
1311 859 1390 896 Heu,
1413 858 1483 895 heu,
1503 858 1609 895 inquit,
1629 866 1698 895 ergo
1718 858 1826 888 diutius

175 910 249 938 uiuit
267 910 366 938 uinum
386 918 472 946 quam
492 909 659 939 homuncio!
679 911 731 939 rel.

272 966 295 1003 ²)
320 966 409 994 Pliu.
423 965 475 994 inf.
489 965 594 1003 XXIII,
609 968 655 994 22.
686 966 749 1002 Quo
769 966 936 1003 generosius
955 966 1053 995 uinum
1073 968 1126 1003 est,
1146 965 1200 994 hoc
1220 965 1312 1003 magis
1325 967 1467 995 uetustate
1481 964 1641 1002 crassescit,
1661 964 1734 994 etin
1747 973 1824 995 ama·

174 1017 328 1046 ritudinem
348 1018 461 1053 corpori
481 1018 598 1046 minime
618 1018 716 1047 utilem
737 1018 803 1046 coit.
837 1017 959 1047 Condire
979 1026 1013 1046 eo
1034 1017 1112 1046 aliud
1131 1018 1225 1046 minus
1244 1025 1393 1054 annosum,
1413 1016 1559 1046 insalubre
1580 1018 1633 1046 est.

271 1073 294 1111 ⁸)
321 1073 409 1102 Plin.
430 1073 479 1102 l.l.
504 1073 595 1103 Vetus
621 1073 781 1111 copiosiore
805 1082 880 1110 aqua
900 1073 1044 1102 miscetur.
1065 1089 1104 1095 --
1126 1073 1165 1102 Et
1183 1072 1231 1102 hic
1251 1081 1313 1110 sup.
1331 1073 1496 1102 Maromum
1515 1073 1606 1102 uicies
1624 1075 1706 1103 tanto
1725 1073 1823 1103 addito

173 1132 266 1160 aquae
290 1125 468 1153 miscendum
487 1126 631 1154 Homerus
655 1125 795 1162 prodidit;
823 1125 907 1153 durat
933 1126 1009 1153 enim
1034 1125 1080 1153 uis
1105 1125 1204 1153 eadem
1229 1125 1260 1153 in
1284 1127 1360 1153 terra
1383 1125 1483 1161 generi
1502 1125 1639 1162 nigerque
1659 1126 1823 1163 indomitus,

173 1175 279 1212 quippe
299 1185 364 1205 cnm
377 1177 523 1206 Matianus
542 1179 587 1206 ter
599 1177 700 1206 consul
720 1185 755 1206 ex
774 1176 829 1214 his,
849 1176 898 1213 qui
917 1176 1079 1213 nuperrime
1097 1173 1257 1213 prodidere,
1279 1174 1418 1205 sextarios
1432 1175 1559 1214 singulos
1573 1176 1719 1215 octogenis
1731 1184 1823 1214 aquae

173 1226 289 1256 misceri
306 1227 478 1265 compererit
490 1235 628 1265 praesens
641 1227 672 1257 in
686 1236 720 1257 eo
733 1229 840 1266 tractu3
861 1235 924 1256 esse
938 1229 1032 1256 autem
1046 1228 1141 1256 colore
1154 1227 1275 1264 nigrum,
1295 1226 1454 1265 odoratum,
1473 1229 1615 1256 uetustate
1628 1228 1822 1265 pinguescere.

268 1283 292 1320 ⁴)
319 1284 408 1311 Plin.
421 1284 476 1320 Ep.
487 1284 555 1320 VII,
570 1285 607 1312 18
628 1303 636 1311 .
647 1304 655 1311 .
667 1304 675 1311 .
695 1292 748 1320 pro
767 1284 931 1320 quingentis
950 1284 1075 1311 millibus
1095 1291 1253 1319 nummum,
1273 1291 1348 1318 quae
1366 1283 1397 1311 in
1416 1283 1553 1312 alimenta
1572 1284 1760 1320 ingenuorum
1778 1285 1821 1312 in-

170 1342 385 1370 genuarumque
404 1335 602 1371 promiseram,
622 1344 723 1376 agrum
743 1344 779 1363 ex
798 1335 869 1363 meis
888 1335 971 1371 longe
985 1334 1075 1370 pluris
1088 1333 1214 1363 exactori
1230 1333 1345 1370 publico
1359 1334 1532 1372 mancipem,
1552 1334 1673 1364 eundem
1687 1335 1821 1373 uectigali

171 1384 306 1422 imposito
325 1386 431 1423 recepi,
452 1385 563 1415 tricena
583 1386 673 1415 millia
692 1394 787 1415 annua
807 1385 932 1423 daturus,
953 1385 1004 1414 rel.

268 1441 292 1480 ⁸)
318 1437 505 1471 nardum:
530 1441 630 1478 Itaque
655 1441 680 1471 si
706 1440 844 1478 amphora
869 1440 929 1470 siue
956 1439 1140 1478 quadrantal,
1168 1440 1187 1468 i.
1201 1447 1226 1468 e.
1242 1439 1282 1468 80
1300 1439 1361 1468 nini
1382 1439 1473 1469 librae
1494 1440 1605 1479 (Fest.
1624 1448 1688 1470 noc.
1702 1441 1821 1470 Publica

170 1492 320 1530 pondera),
341 1492 455 1529 Opimi⁰
469 1492 535 1521 Gos.
550 1493 607 1521 100
625 1493 748 1521 nummis
760 1493 859 1529 ueniit,
879 1492 989 1520 faciunt
1006 1494 1102 1520 autem
1122 1492 1161 1520 80
1177 1491 1267 1520 librae
1283 1492 1384 1520 uncias
1398 1492 1471 1528 960,
1491 1491 1623 1529 efficitur,
1642 1495 1675 1521 ut
1687 1493 1820 1522 semisses

170 1552 288 1582 usurae,
315 1544 370 1573 hoc
396 1546 442 1573 est
466 1544 574 1572 nummi
597 1544 660 1573 seni
683 1553 822 1573 annorum
843 1545 899 1573 160
923 1552 1054 1573 nummos
1072 1544 1130 1572 960
1148 1542 1287 1580 inferant,
1312 1544 1398 1579 atque
1422 1543 1463 1572 ita
1489 1543 1619 1581 singulae
1638 1544 1700 1578 uini
1719 1544 1820 1574 unciae

170 1596 229 1623 960
247 1596 372 1623 nummis
398 1596 459 1623 siue
484 1596 624 1624 sestertiis
650 1596 811 1624 constitere.
835 1613 874 1618 —
903 1596 1115 1631 Dalecamp.:
1145 1595 1213 1623 Sors
1238 1595 1269 1623 in
1294 1593 1422 1631 singulas
1447 1594 1600 1631 amphoras
1620 1594 1734 1631 Opimio
1754 1594 1819 1625 Cos.

170 1647 279 1675 nummi
300 1648 365 1675 100.
400 1646 505 1675 Annua
524 1656 611 1676 usura
630 1647 758 1677 semissis
778 1648 835 1677 160
854 1653 993 1676 annorum
1013 1646 1102 1676 efficit
1120 1646 1192 1684 960,
1212 1645 1316 1683 quibus
1336 1644 1362 1675 si
1381 1644 1472 1676 addas
1492 1647 1611 1685 sortem,
1630 1653 1733 1685 nempe
1753 1647 1818 1686 100,

171 1705 280 1727 summa
305 1697 392 1727 sortis
421 1699 451 1727 et
475 1696 680 1736 multiplicatae
704 1706 809 1729 usurae
834 1697 931 1728 futura
953 1699 998 1728 est
1025 1698 1109 1728 1060.
1127 1714 1167 1720 -
1198 1696 1358 1728 Urlichs:
1387 1696 1462 1727 Eine
1486 1696 1635 1735 Amphora
1662 1697 1702 1727 ist
1724 1697 1818 1737 gleich

169 1749 209 1778 80
221 1749 382 1778 romisohen
395 1748 525 1778 Pfunden
544 1758 582 1778 an
595 1749 735 1788 Gewicht,
756 1751 802 1779 ein
816 1750 910 1778 Pfund
924 1759 956 1772 =
972 1751 1008 1778 12
1022 1750 1132 1786 unciae,
1153 1750 1192 1777 80
1204 1749 1268 1777 Pfd.
1287 1754 1311 1777 ><
1331 1750 1367 1777 12
1380 1750 1444 1786 gibt
1457 1750 1515 1777 960
1526 1750 1640 1786 Unzen3
1662 1751 1719 1778 160
1731 1750 1819 1778 Jahre

168 1809 205 1828 zu
232 1802 250 1828 6
276 1802 400 1828 Prozent
424 1801 493 1829 oder
518 1803 536 1829 6
560 1802 660 1830 Unzen
684 1802 823 1830 ebenfalls
848 1803 906 1830 160
924 1806 949 1829 Χ
968 1803 986 1829 6
1006 1811 1039 1824 =
1054 1802 1112 1829 960
1130 1801 1243 1837 Unzen;
1273 1802 1334 1829 also
1359 1809 1416 1829 von
1443 1801 1500 1829 100
1518 1800 1679 1830 Sesterzien
1705 1800 1819 1838 Capital

169 1851 228 1881 960
241 1852 410 1881 Sesterzien.
440 1850 571 1889 Folglich
585 1860 646 1881 war
659 1852 698 1881 im
719 1853 845 1882 mosten
858 1849 945 1882 Jalire
966 1846 1030 1882 eine
1042 1850 1123 1881 Unze
1132 1850 1217 1881 Wein
1230 1859 1262 1881 so
1276 1849 1385 1890 flieuer,
1405 1850 1460 1881 wie
1473 1849 1571 1881 fruher
1584 1851 1648 1881 eine
1661 1850 1818 1890 Amphora.

265 1908 289 1946 ⁶)
316 1907 403 1936 Plin.
417 1906 455 1936 N.
472 1907 586 1945 H.V11‚
602 1908 639 1937 19
660 1929 667 1937 .
679 1928 687 1937 .
700 1929 707 1937 .
727 1908 758 1937 in
777 1907 936 1945 Pomponio
950 1907 1101 1937 Consulari
1119 1908 1213 1944 poeta.
1242 1906 1326 1937 Oonf.
1343 1906 1423 1936 Tac.
1442 1906 1479 1936 A.
1497 1906 1552 1945 XI,
1572 1907 1618 1936 13.
1654 1907 1741 1937 Plin.
1761 1908 1817 1945 Ep.

167 1958 230 1997 VH,
246 1960 292 1988 17.
320 1958 493 1995 Quinctil.
504 1959 579 1997 vm,
594 1960 621 1997 3,
636 1960 683 1989 31.
703 1959 739 1998 X,
754 1961 780 1997 1,
794 1960 842 1988 98.

251 2227 317 2259 Iam
341 2227 368 2259 si
390 2226 423 2258 in
445 2225 571 2259 exordio
594 2225 669 2267 dixi,
691 2225 735 2258 ita
757 2236 806 2258 me
828 2225 913 2267 apud.
929 2225 1060 2258 Plinium
1082 2226 1192 2267 legere,
1215 2225 1291 2258 satis
1313 2235 1352 2258 ex
1374 2225 1572 2258 adnotatione
1593 2230 1733 2268 apparet,
1755 2236 1816 2258 uno

165 2293 274 2323 saltem
296 2292 363 2323 loco
385 2292 472 2332 prius
494 2301 587 2331 quam
610 2291 653 2322 ita
675 2291 818 2330 legerem,
840 2290 917 2322 ultro
937 2301 986 2322 me
1002 2290 1163 2331 scripsisse
1178 2294 1209 2322 et
1223 2290 1396 2323 coniectura
1410 2290 1528 2331 aliquid
1543 2291 1711 2331 effinxisse,
1733 2291 1816 2331 quod

164 2357 287 2388 codices
309 2367 403 2388 manu
425 2357 546 2388 exarati
567 2366 629 2387 non
651 2359 891 2396 repraesentant.
935 2355 1024 2387 Certe
1045 2356 1145 2387 locum
1168 2366 1277 2387 sanum
1299 2366 1378 2396 esse,
1401 2366 1462 2396 qua
1484 2355 1582 2388 forma
1603 2355 1636 2387 in
1658 2355 1744 2388 hisce
1766 2366 1816 2388 ex-

163 2420 291 2460 hibetur,
313 2431 403 2452 nemo
426 2420 590 2460 contendit,
613 2423 644 2452 et
666 2430 735 2451 cum
757 2420 811 2451 alii
833 2419 895 2451 alia
916 2419 1101 2452 emendandi
1123 2430 1235 2452 caussa
1255 2420 1454 2460 tentauerint,
1480 2430 1582 2453 meum
1604 2420 1663 2452 erit
1683 2420 1743 2453 tria
1764 2420 1816 2453 do-
