2020 2823
1030 167 1054 204 9

673 217 689 228 A

311 273 358 303 Tu
388 282 476 311 uero,
504 282 563 311 quo
585 282 708 303 sensum
732 273 954 304 subabsurdum
977 272 1137 312 aptissimo
1159 275 1272 310 mutes,
1301 271 1369 310 lege
1395 282 1471 312 quae
1492 271 1574 310 prior
1596 271 1661 301 rel.:
1684 289 1725 293 ——-
1747 273 1857 302 etenim

226 336 293 376 ipse
313 336 411 367 Iudex
436 336 596 375 sigim-um,
622 345 700 375 quae
722 336 754 366 in
776 336 846 367 Gaii
868 336 972 367 codiee
994 335 1193 375 reperiuntur,
1220 335 1423 372 demonstrat,
1448 334 1530 364 haud
1552 335 1649 364 rarius
1672 335 1800 366 litteram
1823 336 1858 371 Q,

227 410 305 439 quae
326 400 393 431 sola
413 399 445 430 in
466 398 571 432 codice
593 397 711 440 exstat,'
724 412 801 442 quae
823 410 913 440 quam
936 400 1018 442 quod
1038 399 1219 440 significare.

311 465 347 495 In
369 464 472 496 media
492 465 560 505 lege
578 465 626 496 10.
641 465 673 496 ff.
707 465 741 496 Si
762 475 834 506 pars
856 465 918 496 her.
941 464 1016 496 talia
1036 464 1199 496 habentur:

430 528 507 560 Nam
529 529 587 561 etsi
608 529 797 570 negotiorum
818 532 971 570 gestorum
993 529 1072 560 aetio
1090 529 1130 560 sit
1144 529 1181 568 ei,
1204 528 1290 560 euius
1308 527 1431 559 nomine
1445 531 1621 568 pereeptum
1637 531 1692 567 est,
1714 528 1752 567 ei,
1774 528 1860 558 euius

428 593 549 625 nomine
570 593 689 626 restitui
710 602 841 633 aequum
863 596 919 625 est.

313 657 439 688 Prorsus
461 657 542 688 nullo
564 666 665 688 sensu.
702 657 791 694 Quod
813 657 841 688 si
862 657 997 687 Indieem
1019 657 1108 686 modo
1130 657 1253 687 allatum
1277 657 1433 696 adeamus,
1456 656 1660 695 inueniemus,
1683 665 1789 686 uocem
1811 667 1861 686 no-

228 722 306 751 mine
327 720 491 761 aliquando
513 724 585 752 nota
606 721 762 761 designari
776 720 898 751 NOME.
930 720 1049 751 Adhibe
1071 730 1158 761 porro
1181 724 1268 751 notas
1290 721 1508 751 usitatissimas
1528 720 1555 750 Ε
1577 730 1632 761 pro
1656 726 1697 750 est
1723 724 1754 751 et
1773 721 1861 751 NGM

228 795 282 824 pro
303 787 465 826 negotium,
495 789 526 816 et
547 786 721 823 oonsidera,
748 785 864 816 litteras
887 784 913 815 Ο
936 788 966 816 et
986 785 1014 815 G
1042 795 1133 815 manu
1160 785 1288 824 scriptas
1314 795 1407 824 saepe
1429 786 1520 824 longe
1543 786 1705 816 similiores
1727 786 1806 815 inter
1827 796 1860 815 se

228 849 358 880 existere
386 858 478 889 quam
506 848 589 889 typis
616 848 880 896 exprimi-potest.
924 848 1002 879 Tum
1028 848 1162 889 profecto
1188 849 1240 879 uix
1266 849 1434 889 dubitabis,
1462 849 1535 888 quin
1559 849 1717 890 imperitus
1739 848 1860 888 aliquis,

228 923 296 944 eum
323 916 394 945 ante
421 913 525 945 oculos
546 912 672 945 haberet
692 899 821 953 NGME,
849 913 956 954 legerit
977 913 1190 954 scripseritque
1212 912 1339 953 NOME,
1370 924 1437 945 cum
1460 914 1639 955 praesertim
1662 914 1755 945 etiam
1778 918 1861 945 ante-

228 977 306 1008 riore
328 977 379 1008 illo
401 980 543 1016 rectoque
564 979 669 1017 „ouius
690 978 808 1008 nomine
829 981 1003 1017 perceptum
1026 975 1095 1008 est“
1110 977 1162 1008 rel.
1185 977 1383 1008 induceretur.
1418 977 1484 1014 Quo
1507 978 1668 1009 emendato
1683 978 1710 1009 si
1727 978 1859 1017 legatur:

430 1040 508 1071 Nam
535 1041 593 1071 etsi
619 1041 807 1081 negotiorum
834 1044 987 1081 gestorum
1013 1041 1093 1071 actio
1120 1041 1159 1071 sit
1187 1041 1231 1080 ei,
1265 1042 1349 1072 euius
1377 1042 1498 1072 nomine
1525 1046 1701 1083 perceptum
1731 1046 1791 1080 est,
1822 1042 1859 1075 ei,

432 1105 518 1136 euius
539 1107 688 1146 negotium
711 1112 760 1144 est,
782 1106 899 1136 restitui
921 1115 1052 1144 aequum
1074 1109 1129 1144 est,
1151 1106 1217 1136 rel.:

232 1169 263 1199 in
285 1178 375 1201 sensu
397 1169 473 1200 nihil
495 1169 723 1201 desiderabitur.

624 1233 757 1275 Explicit
778 1233 949 1265 emendatio
971 1233 1063 1274 longa
1084 1242 1151 1264 eum
1174 1233 1316 1265 breuibus
1339 1234 1466 1265 duabus.
