2020 2823
1012 154 1036 192 3

201 268 283 298 cere,
310 258 456 300 primum,
488 258 515 290 si
536 258 653 291 Plinius
681 261 714 290 ut
741 268 834 300 supra
863 259 974 299 legitur
1000 258 1170 299 scripserit,
1198 258 1264 289 ueri
1286 258 1402 298 aliquid
1424 258 1558 298 rectique
1581 268 1651 290 eum
1674 259 1844 300 scripsisse,

201 323 338 363 alterum,
361 323 394 355 in
414 322 540 363 reliquis
563 322 752 364 coniecturis,
774 333 851 364 quas
873 323 927 356 alii
948 322 1144 365 protulerunt,
1168 325 1273 354 contra
1294 331 1373 362 esse,
1395 325 1595 363 postremum,
1621 322 1673 362 qui
1695 326 1743 354 est
1764 323 1844 355 codi-

201 397 270 419 cum
291 386 414 419 habitus
436 386 694 426 quemadmodum
716 387 846 419 existere
868 387 1000 428 potuerit
1022 397 1061 419 ex
1083 387 1136 419 illa
1150 386 1242 418 Plinii
1265 387 1430 427 scriptione
1451 395 1544 426 quam
1565 395 1620 427 pro
1643 396 1717 418 uera
1732 388 1843 427 recepi.

203 451 289 483 Haec
311 446 374 482 iam
396 450 578 483 articulatim
600 451 768 492 explicabo.

835 616 856 642 ἢ
1008 591 1035 651 Ι.

288 709 425 740 Pecunia
446 709 523 741 bene
545 709 692 741 collocata
713 719 822 741 usuras
843 709 952 748 reddit,
974 709 1079 740 uinum
1101 709 1133 739 in
1148 709 1225 740 cella
1240 709 1407 749 repositum
1425 718 1487 739 non
1502 708 1612 748 reddit,
1635 717 1733 748 eaque
1749 708 1846 739 diuer-

202 773 279 805 sitas
305 777 489 813 augescente
517 773 650 813 quadam
677 773 891 814 progressione
918 776 1002 804 tanto
1028 774 1174 805 maiorem
1197 773 1279 813 capit
1301 773 1458 813 effectum,
1487 777 1602 812 quanto
1624 773 1739 803 diutius
1761 782 1846 813 repo-

201 838 294 869 situm
319 838 378 869 hoc
405 838 498 878 iacet,
527 838 581 870 illa
606 841 755 879 occupata
782 841 843 878 est,
872 841 937 869 tum
964 838 1128 879 praecipue
1156 841 1270 877 quanto
1300 837 1450 869 curiosius
1479 838 1581 869 usuris
1607 837 1756 878 pecuniae
1779 847 1846 876 scsrs

201 902 363 942 quotannis
390 903 605 934 accumulatur.
648 902 725 933 Inde
747 902 886 943 ingentes
907 902 1057 943 pecuniae
1079 901 1289 942 conficiuntur,
1319 905 1420 933 mente
1442 902 1565 941 quidem
1590 901 1691 942 magis
1713 905 1743 933 et
1767 901 1847 941 cogi-

200 966 315 998 tatione
337 976 429 1006 quam
450 976 492 1006 re,
515 976 584 998 cum
605 967 811 998 anatocismus
833 967 926 998 uerbo
949 966 1070 998 facilius
1092 970 1123 998 et
1144 966 1306 998 iactatione
1327 976 1419 1006 quam
1442 976 1475 998 re
1497 970 1529 998 et
1551 966 1631 998 facto
1651 976 1706 1007 per
1721 966 1846 997 saecula

200 1030 405 1071 continuetur3
434 1030 491 1063 sed
516 1034 551 1062 ut
577 1031 666 1072 proni
693 1034 764 1063 sunt
790 1030 929 1063 homines
956 1031 999 1063 ad
1027 1030 1162 1071 ingentia
1190 1034 1220 1063 et
1244 1031 1286 1062 ad
1308 1041 1359 1071 ea,
1388 1040 1467 1071 quae
1488 1030 1629 1062 miraculi
1651 1031 1845 1072 prodigiique

200 1095 318 1135 aliquid
343 1095 470 1136 habent,
501 1098 532 1127 et
558 1095 734 1127 diuitiarum
761 1095 891 1127 studiosi
918 1095 968 1127 uel
996 1095 1286 1136 commenticiarum,
1314 1099 1402 1127 uetus
1431 1099 1478 1127 est
1506 1095 1660 1127 cauillatio
1689 1095 1843 1135 quaedam

200 1158 293 1200 (quae
314 1159 407 1191 hodie
428 1169 549 1199 quoque
570 1169 723 1191 recurrere
745 1160 837 1199 solet,
867 1160 899 1190 in
920 1160 1027 1191 diariis
1049 1161 1228 1201 praesertim
1234 1184 1242 1200 ,
1269 1160 1346 1191 inter
1366 1170 1514 1191 nouarum
1535 1170 1636 1191 rerum
1658 1159 1842 1201 penuriam),

201 1234 263 1263 qua
282 1224 357 1255 uina
378 1225 509 1255 eximiae
532 1225 693 1255 uetustatis
715 1228 800 1255 tanta
820 1225 952 1264 pecunia
972 1225 1144 1264 possessori
1166 1228 1304 1256 constare
1326 1225 1492 1264 finguntur,
1519 1230 1665 1264 quantam
1687 1235 1768 1256 nunc
1790 1225 1842 1256 ha·

200 1290 294 1328 beret,
317 1289 345 1320 si
366 1290 528 1329 pristinum
549 1289 614 1320 uini
634 1289 781 1329 pretium,
803 1289 886 1328 quod
907 1289 1081 1320 nindemiae
1103 1292 1238 1329 tempore
1260 1289 1329 1328 fuit,
1352 1289 1383 1319 in
1406 1289 1528 1321 foenore
1549 1290 1737 1328 collocasset,
1760 1300 1841 1321 eam-

200 1363 260 1392 que
286 1356 399 1385 sortem
424 1353 526 1385 usuris
554 1363 774 1392 usurarumque
801 1353 903 1385 usuris
931 1356 963 1384 et
991 1353 1137 1394 deinceps
1163 1353 1247 1385 nulla
1271 1353 1497 1394 intercapedine
1519 1354 1778 1385 intertrimentoue
1799 1354 1841 1385 ad

200 1420 393 1458 praesentem
413 1427 512 1457 usque
533 1417 616 1449 diem
635 1417 867 1449 accumulasset.
899 1417 999 1457 Atque
1013 1417 1058 1448 illi
1073 1417 1268 1457 cauillationi,
1291 1427 1378 1457 quae,
1401 1427 1611 1457 quamcunque
1625 1418 1718 1450 habet
1738 1418 1840 1450 iucun-

200 1481 341 1522 ditatem,
368 1482 601 1514 delectationem
629 1485 660 1514 et
686 1481 885 1522 elegantiam,
913 1485 994 1514 certe
1020 1481 1086 1514 sine
1108 1482 1288 1522 cuiusquam
1310 1482 1417 1515 fraude
1439 1482 1486 1523 fit,
1513 1483 1605 1515 etiam
1627 1482 1759 1514 Plinium
1782 1483 1840 1515 hoc

199 1545 266 1578 loco
287 1556 413 1587 operam
434 1546 509 1578 dare
531 1545 727 1578 manifestum
748 1549 804 1578 est.

285 1611 450 1651 Comparat
476 1611 606 1651 pretium
631 1610 812 1651 amphorae,
840 1610 922 1649 quod
943 1610 1117 1642 uindemiae
1139 1614 1275 1651 tempore
1298 1610 1367 1650 fuit,
1395 1621 1463 1643 cum
1485 1612 1582 1651 pretio
1605 1612 1727 1651 unciae,
1756 1613 1839 1652 quod

199 1674 291 1705 hodie
312 1679 382 1714 post
407 1676 468 1705 160
482 1685 587 1713 annos,
608 1675 747 1706 adhibita
769 1685 860 1713 quam
883 1674 973 1705 modo
996 1674 1062 1706 dixi
1083 1675 1211 1714 fictione,
1234 1675 1346 1707 existit.

284 1739 352 1770 Non
374 1739 545 1778 ambigitur,
568 1739 633 1770 uini
654 1738 833 1779 amphoram
855 1738 1008 1770 continere
1031 1738 1074 1770 80
1086 1738 1188 1779 libras,
1210 1739 1319 1771 libram
1340 1742 1442 1772 autem
1467 1739 1506 1771 12
1521 1739 1636 1780 uncias,
1659 1751 1757 1781 eoque
1772 1740 1839 1773 fieri

199 1805 233 1834 ut
254 1802 344 1834 uncia
365 1803 531 1844 amphorae
553 1813 625 1844 pars
647 1803 687 1835 sit
708 1802 940 1842 nongentesima
961 1802 1155 1843 sexagesima
1177 1801 1262 1843 (ἧς).

285 1866 375 1899 Ponit
395 1866 512 1900 Plinius
536 1866 702 1908 amphorae
724 1866 856 1908 pretium
877 1864 978 1907 (quod
999 1854 1173 1900 uindemiae
1194 1870 1330 1909 tempore
1352 1865 1427 1909 fuit)
1452 1867 1513 1900 100
1535 1868 1722 1910 sestertium,
1752 1870 1838 1912 ponit

199 1941 309 1963 usuras
331 1932 484 1972 semisses,
505 1931 592 1973 ponit
613 1931 744 1972 denique
766 1941 914 1963 annorum
938 1931 1000 1964 160
1021 1930 1190 1964 decursum.

284 1996 351 2028 Iam
372 1996 584 2028 mediusfidius
605 1999 669 2028 tota
690 2006 740 2028 res
762 1996 795 2028 in
816 1996 940 2028 calculis
963 1999 1019 2028 est.

284 2059 431 2097 Quaestio
453 2063 513 2092 est:
541 2060 666 2091 Summa
691 2060 753 2091 100
773 2060 960 2100 sestertium,
989 2060 1078 2092 annis
1102 2060 1163 2091 160
1185 2060 1349 2100 continuis,
1371 2070 1465 2093 usura
1486 2061 1625 2102 semisse,
1647 2063 1837 2096 anatocismo

198 2124 416 2164 anniuersario,
437 2125 646 2165 multiplicata,
667 2127 783 2164 quanta
803 2124 953 2156 efficitur?

284 2189 480 2227 Quaestionis
502 2189 631 2221 formula
652 2189 844 2221 arithmetica
865 2189 942 2221 haec
963 2192 1024 2221 est:

856 2254 918 2285 100
929 2259 955 2287 Χ
966 2251 1081 2295 (ᾖε-γα)
1096 2265 1132 2280 =
1150 2264 1179 2285 x.

283 2318 487 2350 Procedamus
509 2318 577 2358 lege
600 2318 674 2349 artis
696 2318 737 2349 ad
759 2318 947 2350 solutionem.

283 2384 426 2423 Euoluas,
448 2393 571 2423 quaeso,
594 2384 808 2423 logarithmum
829 2383 948 2414 numeri
972 2384 1040 2414 106.

1581 2460 1623 2485 ρῆἓ
